[
  {
    "side": "sell",
    "price": 75539.5,
    "size": 1.3238107215430338e-05,
    "confidence": 0.00014490648065893224,
    "risk_level": "low",
    "signal_type": "weak",
    "details": {
      "score": -0.014490648065893223,
      "spring_drift": -3.867104586714333e-05,
      "angular_momentum": 0.0,
      "pairing_gap": 7.519830242470855e-05,
      "phase_sync": -0.14490219308031307,
      "atr": 3.040000000000873
    },
    "inst_id": "BTC-USDT",
    "timestamp": "2026-04-17T19:33:57.330812"
  },
  {
    "side": "sell",
    "price": 75525.7,
    "size": 1.3240526072581917e-05,
    "confidence": 0.00012125403094309172,
    "risk_level": "low",
    "signal_type": "weak",
    "details": {
      "score": -0.012125403094309171,
      "spring_drift": -1.747429644215449e-05,
      "angular_momentum": -3.653717591459544e-05,
      "pairing_gap": 5.463430891610785e-05,
      "phase_sync": -0.12118379084741152,
      "atr": 1.440000000000873
    },
    "inst_id": "BTC-USDT",
    "timestamp": "2026-04-17T19:34:02.897239"
  },
  {
    "side": "sell",
    "price": 75536.1,
    "size": 1.3238703083691108e-05,
    "confidence": 0.00010684590910930843,
    "risk_level": "low",
    "signal_type": "weak",
    "details": {
      "score": -0.010684590910930844,
      "spring_drift": -3.7041493266577357e-06,
      "angular_momentum": 2.7540294230993506e-05,
      "pairing_gap": 5.242804052854882e-05,
      "phase_sync": -0.10701856947575186,
      "atr": 2.480000000001746
    },
    "inst_id": "BTC-USDT",
    "timestamp": "2026-04-17T19:34:10.584636"
  },
  {
    "side": "sell",
    "price": 75548.4,
    "size": 1.323654769657597e-05,
    "confidence": 9.472700894922037e-05,
    "risk_level": "low",
    "signal_type": "weak",
    "details": {
      "score": -0.009472700894922036,
      "spring_drift": 1.1255635982291754e-05,
      "angular_momentum": 3.1243390101874136e-05,
      "pairing_gap": 4.1482034837149e-05,
      "phase_sync": -0.09494872573312944,
      "atr": 3.710000000000582
    },
    "inst_id": "BTC-USDT",
    "timestamp": "2026-04-17T19:34:15.338290"
  },
  {
    "side": "sell",
    "price": 75540.3,
    "size": 1.3237967018928968e-05,
    "confidence": 9.321255942581611e-05,
    "risk_level": "low",
    "signal_type": "weak",
    "details": {
      "score": -0.00932125594258161,
      "spring_drift": 4.0165057492112246e-07,
      "angular_momentum": -2.1443207268429956e-05,
      "pairing_gap": 1.6239331024129485e-05,
      "phase_sync": -0.09318231506835875,
      "atr": 4.509999999999127
    },
    "inst_id": "BTC-USDT",
    "timestamp": "2026-04-17T19:34:24.211327"
  },
  {
    "side": "sell",
    "price": 75540.3,
    "size": 1.3237967018928968e-05,
    "confidence": 9.193145191827373e-05,
    "risk_level": "low",
    "signal_type": "weak",
    "details": {
      "score": -0.009193145191827373,
      "spring_drift": 4.016505749211252e-07,
      "angular_momentum": 0.0,
      "pairing_gap": -9.001991558350207e-06,
      "phase_sync": -0.09191505453745671,
      "atr": 4.509999999999127
    },
    "inst_id": "BTC-USDT",
    "timestamp": "2026-04-17T19:35:06.173233"
  },
  {
    "side": "sell",
    "price": 75525.8,
    "size": 1.3240508541452059e-05,
    "confidence": 8.480613321373587e-05,
    "risk_level": "low",
    "signal_type": "weak",
    "details": {
      "score": -0.008480613321373587,
      "spring_drift": 1.7743774312069554e-05,
      "angular_momentum": -1.852928440298574e-06,
      "pairing_gap": 3.000699074469281e-06,
      "phase_sync": -0.08487755092381219,
      "atr": 5.959999999999127
    },
    "inst_id": "BTC-USDT",
    "timestamp": "2026-04-17T19:35:20.866604"
  },
  {
    "side": "sell",
    "price": 75515.3,
    "size": 1.324234956359837e-05,
    "confidence": 7.820020182696146e-05,
    "risk_level": "low",
    "signal_type": "weak",
    "details": {
      "score": -0.007820020182696147,
      "spring_drift": -2.3699053887448606e-05,
      "angular_momentum": -5.5345362168042836e-05,
      "pairing_gap": -3.106671356109376e-05,
      "phase_sync": -0.07787723609778537,
      "atr": 7.009999999999127
    },
    "inst_id": "BTC-USDT",
    "timestamp": "2026-04-17T19:35:32.107249"
  },
  {
    "side": "sell",
    "price": 75515.3,
    "size": 1.324234956359837e-05,
    "confidence": 7.816095606865142e-05,
    "risk_level": "low",
    "signal_type": "weak",
    "details": {
      "score": -0.007816095606865142,
      "spring_drift": -5.560435373131034e-05,
      "angular_momentum": -3.25672095858493e-05,
      "pairing_gap": -9.770333613229836e-05,
      "phase_sync": -0.07764543035270402,
      "atr": 6.959999999999127
    },
    "inst_id": "BTC-USDT",
    "timestamp": "2026-04-17T19:35:34.875524"
  },
  {
    "side": "sell",
    "price": 75523.9,
    "size": 1.3240841640858061e-05,
    "confidence": 8.10005902725949e-05,
    "risk_level": "low",
    "signal_type": "weak",
    "details": {
      "score": -0.00810005902725949,
      "spring_drift": -2.277272583819733e-05,
      "angular_momentum": 4.422004851779603e-05,
      "pairing_gap": -0.00012780155031775654,
      "phase_sync": -0.08078655641415997,
      "atr": 7.819999999998254
    },
    "inst_id": "BTC-USDT",
    "timestamp": "2026-04-17T19:36:00.459878"
  },
  {
    "side": "sell",
    "price": 75525.9,
    "size": 1.324049101036863e-05,
    "confidence": 8.152978186500125e-05,
    "risk_level": "low",
    "signal_type": "weak",
    "details": {
      "score": -0.008152978186500124,
      "spring_drift": -2.0124557510025727e-05,
      "angular_momentum": 5.296336656343225e-06,
      "pairing_gap": -0.00015436981765527857,
      "phase_sync": -0.0811564330096196,
      "atr": 8.019999999998253
    },
    "inst_id": "BTC-USDT",
    "timestamp": "2026-04-17T19:36:04.256482"
  },
  {
    "side": "sell",
    "price": 75525.9,
    "size": 1.324049101036863e-05,
    "confidence": 8.111261616348125e-05,
    "risk_level": "low",
    "signal_type": "weak",
    "details": {
      "score": -0.008111261616348125,
      "spring_drift": -3.041112429430527e-09,
      "angular_momentum": 3.839010435489401e-05,
      "pairing_gap": -0.00014254438999998745,
      "phase_sync": -0.08094268553209624,
      "atr": 6.639999999997963
    },
    "inst_id": "BTC-USDT",
    "timestamp": "2026-04-17T19:36:08.735047"
  },
  {
    "side": "sell",
    "price": 75526.0,
    "size": 1.324047347933162e-05,
    "confidence": 7.951825493348698e-05,
    "risk_level": "low",
    "signal_type": "weak",
    "details": {
      "score": -0.007951825493348698,
      "spring_drift": 4.170457885022804e-05,
      "angular_momentum": 2.8069877757272118e-05,
      "pairing_gap": -0.00010273905498087561,
      "phase_sync": -0.07956380477219796,
      "atr": 5.6099999999976715
    },
    "inst_id": "BTC-USDT",
    "timestamp": "2026-04-17T19:36:38.059898"
  },
  {
    "side": "sell",
    "price": 75529.0,
    "size": 1.3239947569807624e-05,
    "confidence": 7.70871303929081e-05,
    "risk_level": "low",
    "signal_type": "weak",
    "details": {
      "score": -0.00770871303929081,
      "spring_drift": 6.196032568695219e-05,
      "angular_momentum": 7.944284087598974e-06,
      "pairing_gap": -5.7195467895152335e-05,
      "phase_sync": -0.0772444136121284,
      "atr": 4.679999999998836
    },
    "inst_id": "BTC-USDT",
    "timestamp": "2026-04-17T19:36:47.218598"
  },
  {
    "side": "sell",
    "price": 75529.0,
    "size": 1.3239947569807624e-05,
    "confidence": 7.588984985205967e-05,
    "risk_level": "low",
    "signal_type": "weak",
    "details": {
      "score": -0.007588984985205968,
      "spring_drift": 2.846188080337112e-05,
      "angular_momentum": -2.2776841249366073e-05,
      "pairing_gap": -3.442351729974808e-05,
      "phase_sync": -0.07586651981692556,
      "atr": 3.869999999999709
    },
    "inst_id": "BTC-USDT",
    "timestamp": "2026-04-17T19:36:50.839509"
  },
  {
    "side": "sell",
    "price": 75524.2,
    "size": 1.3240789045100776e-05,
    "confidence": 7.234696944353871e-05,
    "risk_level": "low",
    "signal_type": "weak",
    "details": {
      "score": -0.007234696944353872,
      "spring_drift": 1.681036931351639e-05,
      "angular_momentum": -1.800668632336625e-05,
      "pairing_gap": -2.5420786841984947e-05,
      "phase_sync": -0.07230934928813872,
      "atr": 4.35
    },
    "inst_id": "BTC-USDT",
    "timestamp": "2026-04-17T19:37:12.770032"
  },
  {
    "side": "sell",
    "price": 75499.7,
    "size": 1.3245085742062551e-05,
    "confidence": 4.9746775460995155e-05,
    "risk_level": "low",
    "signal_type": "weak",
    "details": {
      "score": -0.004974677546099516,
      "spring_drift": -3.482461602442753e-05,
      "angular_momentum": -6.487986632099381e-05,
      "pairing_gap": -7.185067840191926e-05,
      "phase_sync": -0.04926913604113062,
      "atr": 5.35
    },
    "inst_id": "BTC-USDT",
    "timestamp": "2026-04-17T19:37:17.037800"
  },
  {
    "side": "sell",
    "price": 75499.7,
    "size": 1.3245085742062551e-05,
    "confidence": 5.127099022417621e-05,
    "risk_level": "low",
    "signal_type": "weak",
    "details": {
      "score": -0.005127099022417621,
      "spring_drift": -4.899195981317496e-05,
      "angular_momentum": -2.6480982022278765e-07,
      "pairing_gap": -0.00010936836722554115,
      "phase_sync": -0.05085549122101176,
      "atr": 4.3
    },
    "inst_id": "BTC-USDT",
    "timestamp": "2026-04-17T19:37:22.109939"
  },
  {
    "side": "sell",
    "price": 75499.7,
    "size": 1.3245085742062551e-05,
    "confidence": 5.124940350051604e-05,
    "risk_level": "low",
    "signal_type": "weak",
    "details": {
      "score": -0.005124940350051604,
      "spring_drift": -5.693624390077394e-05,
      "angular_momentum": -7.94428408759897e-06,
      "pairing_gap": -0.00014397697780725355,
      "phase_sync": -0.05070987171703563,
      "atr": 4.3
    },
    "inst_id": "BTC-USDT",
    "timestamp": "2026-04-17T19:37:28.249294"
  },
  {
    "side": "sell",
    "price": 75492.6,
    "size": 1.3246331428510873e-05,
    "confidence": 4.7760756907258465e-05,
    "risk_level": "low",
    "signal_type": "weak",
    "details": {
      "score": -0.004776075690725847,
      "spring_drift": -5.4951834152943756e-05,
      "angular_momentum": -1.8808021753705696e-05,
      "pairing_gap": -0.0001982746223576444,
      "phase_sync": -0.04708797626067029,
      "atr": 4.15
    },
    "inst_id": "BTC-USDT",
    "timestamp": "2026-04-17T19:38:20.151412"
  },
  {
    "side": "sell",
    "price": 75492.9,
    "size": 1.3246278789131164e-05,
    "confidence": 4.8094084829361225e-05,
    "risk_level": "low",
    "signal_type": "weak",
    "details": {
      "score": -0.004809408482936123,
      "spring_drift": -3.9195926214909206e-05,
      "angular_momentum": 1.3505129552702838e-05,
      "pairing_gap": -0.0002393343697132515,
      "phase_sync": -0.04749914777373319,
      "atr": 3.979999999998836
    },
    "inst_id": "BTC-USDT",
    "timestamp": "2026-04-17T19:38:32.606199"
  },
  {
    "side": "sell",
    "price": 75492.7,
    "size": 1.3246313882004486e-05,
    "confidence": 4.85863327202765e-05,
    "risk_level": "low",
    "signal_type": "weak",
    "details": {
      "score": -0.00485863327202765,
      "spring_drift": 2.5419014530305827e-05,
      "angular_momentum": 6.435001516943627e-05,
      "pairing_gap": -0.0002286588461218873,
      "phase_sync": -0.04842374113166225,
      "atr": 3.9999999999985447
    },
    "inst_id": "BTC-USDT",
    "timestamp": "2026-04-17T19:38:36.605080"
  },
  {
    "side": "sell",
    "price": 75485.6,
    "size": 1.3247559799484934e-05,
    "confidence": 4.4851319497540926e-05,
    "risk_level": "low",
    "signal_type": "weak",
    "details": {
      "score": -0.004485131949754093,
      "spring_drift": 1.61465365842056e-05,
      "angular_momentum": -1.880976571242324e-05,
      "pairing_gap": -0.00023978907743085024,
      "phase_sync": -0.04437989819187878,
      "atr": 4.69999999999709
    },
    "inst_id": "BTC-USDT",
    "timestamp": "2026-04-17T19:38:45.461208"
  },
  {
    "side": "sell",
    "price": 75510.1,
    "size": 1.324326149746855e-05,
    "confidence": 6.177274466740394e-05,
    "risk_level": "low",
    "signal_type": "weak",
    "details": {
      "score": -0.0061772744667403946,
      "spring_drift": 5.2575200136743174e-05,
      "angular_momentum": 6.491304301747618e-05,
      "pairing_gap": -0.0002076533502774717,
      "phase_sync": -0.0617624778964484,
      "atr": 6.84999999999709
    },
    "inst_id": "BTC-USDT",
    "timestamp": "2026-04-17T19:38:59.523415"
  },
  {
    "side": "sell",
    "price": 75510.1,
    "size": 1.324326149746855e-05,
    "confidence": 6.0717251885071775e-05,
    "risk_level": "low",
    "signal_type": "weak",
    "details": {
      "score": -0.006071725188507178,
      "spring_drift": 7.138322189044886e-05,
      "angular_momentum": 1.8808021753705703e-05,
      "pairing_gap": -0.00014912023037082152,
      "phase_sync": -0.06076096837715304,
      "atr": 6.84999999999709
    },
    "inst_id": "BTC-USDT",
    "timestamp": "2026-04-17T19:39:04.108573"
  },
  {
    "side": "sell",
    "price": 75511.1,
    "size": 1.3243086115816084e-05,
    "confidence": 6.082939061496661e-05,
    "risk_level": "low",
    "signal_type": "weak",
    "details": {
      "score": -0.006082939061496661,
      "spring_drift": 6.555759332100441e-05,
      "angular_momentum": 1.85387241381391e-06,
      "pairing_gap": -8.784876733167527e-05,
      "phase_sync": -0.060921485070828715,
      "atr": 6.469999999996799
    },
    "inst_id": "BTC-USDT",
    "timestamp": "2026-04-17T19:39:10.705306"
  },
  {
    "side": "sell",
    "price": 75487.2,
    "size": 1.3247279008891574e-05,
    "confidence": 4.801340314627896e-05,
    "risk_level": "low",
    "signal_type": "weak",
    "details": {
      "score": -0.004801340314627896,
      "spring_drift": 1.996535495253025e-06,
      "angular_momentum": -6.277210048206648e-05,
      "pairing_gap": -6.825067085183702e-05,
      "phase_sync": -0.0476965716451101,
      "atr": 6.409999999997671
    },
    "inst_id": "BTC-USDT",
    "timestamp": "2026-04-17T19:39:51.582576"
  },
  {
    "side": "sell",
    "price": 75487.2,
    "size": 1.3247279008891574e-05,
    "confidence": 4.6744537300473995e-05,
    "risk_level": "low",
    "signal_type": "weak",
    "details": {
      "score": -0.0046744537300473996,
      "spring_drift": 2.0806301207676267e-05,
      "angular_momentum": 1.8809765712423245e-05,
      "pairing_gap": -2.97558396496481e-05,
      "phase_sync": -0.04682468012314267,
      "atr": 6.409999999997671
    },
    "inst_id": "BTC-USDT",
    "timestamp": "2026-04-17T19:39:54.749211"
  },
  {
    "side": "sell",
    "price": 75485.4,
    "size": 1.3247594899146062e-05,
    "confidence": 4.684430114634025e-05,
    "risk_level": "low",
    "signal_type": "weak",
    "details": {
      "score": -0.004684430114634024,
      "spring_drift": -4.649125203140425e-05,
      "angular_momentum": -6.968206346068484e-05,
      "pairing_gap": -5.668838131869208e-05,
      "phase_sync": -0.04633591318519519,
      "atr": 6.589999999997962
    },
    "inst_id": "BTC-USDT",
    "timestamp": "2026-04-17T19:40:06.614936"
  },
  {
    "side": "buy",
    "price": 77454.3,
    "size": 1.2910839036696478e-05,
    "confidence": 2.6842584063176507e-05,
    "risk_level": "low",
    "signal_type": "weak",
    "details": {
      "score": 0.0026842584063176507,
      "spring_drift": 0.0025524236967846225,
      "angular_momentum": 0.005216637919385759,
      "pairing_gap": 0.0033876850319436496,
      "phase_sync": -0.005792394546006555,
      "atr": 202.7699999999997
    },
    "inst_id": "BTC-USDT",
    "timestamp": "2026-04-18T01:35:22.944191"
  },
  {
    "side": "buy",
    "price": 77449.5,
    "size": 1.2911639197154274e-05,
    "confidence": 1.7013729556771113e-05,
    "risk_level": "low",
    "signal_type": "weak",
    "details": {
      "score": 0.0017013729556771113,
      "spring_drift": 0.00254397523169035,
      "angular_momentum": -1.504305777473014e-05,
      "pairing_gap": 0.006805074950865038,
      "phase_sync": -0.0067271920983961704,
      "atr": 203.22000000000116
    },
    "inst_id": "BTC-USDT",
    "timestamp": "2026-04-18T01:35:45.055215"
  },
  {
    "side": "buy",
    "price": 77457.6,
    "size": 1.2910288983908614e-05,
    "confidence": 2.1001865438217104e-05,
    "risk_level": "low",
    "signal_type": "weak",
    "details": {
      "score": 0.0021001865438217103,
      "spring_drift": 0.0026174706854978982,
      "angular_momentum": 8.42188071330284e-05,
      "pairing_gap": 0.010266308371218833,
      "phase_sync": -0.010253290467611248,
      "atr": 204.01000000000204
    },
    "inst_id": "BTC-USDT",
    "timestamp": "2026-04-18T01:35:52.448738"
  },
  {
    "side": "buy",
    "price": 77340.1,
    "size": 1.2929903116235949e-05,
    "confidence": 4.8745587005129293e-05,
    "risk_level": "low",
    "signal_type": "weak",
    "details": {
      "score": 0.004874558700512929,
      "spring_drift": 0.0024563699070807607,
      "angular_momentum": -0.0003033917911218526,
      "pairing_gap": 0.01351095696457697,
      "phase_sync": 0.012808368821017862,
      "atr": 215.0500000000029
    },
    "inst_id": "BTC-USDT",
    "timestamp": "2026-04-18T02:25:21.493576"
  },
  {
    "side": "sell",
    "price": 77285.1,
    "size": 1.2939104691589969e-05,
    "confidence": 7.40637504284662e-05,
    "risk_level": "low",
    "signal_type": "weak",
    "details": {
      "score": -0.007406375042846621,
      "spring_drift": 1.823900514524714e-05,
      "angular_momentum": 0.0,
      "pairing_gap": -5.6066310056119995e-05,
      "phase_sync": -0.07402457382893496,
      "atr": 2.5099999999991267
    },
    "inst_id": "BTC-USDT",
    "timestamp": "2026-04-18T02:38:05.740303"
  },
  {
    "side": "sell",
    "price": 77297.0,
    "size": 1.2937112695188688e-05,
    "confidence": 0.00011171321961914814,
    "risk_level": "low",
    "signal_type": "weak",
    "details": {
      "score": -0.011171321961914813,
      "spring_drift": 8.280520519764744e-06,
      "angular_momentum": 3.079506916596907e-05,
      "pairing_gap": -2.3375382857829003e-05,
      "phase_sync": -0.11179197614300942,
      "atr": 1.739999999999418
    },
    "inst_id": "BTC-USDT",
    "timestamp": "2026-04-18T02:38:08.163236"
  },
  {
    "side": "sell",
    "price": 77297.0,
    "size": 1.2937112695188688e-05,
    "confidence": 0.0001081521261267734,
    "risk_level": "low",
    "signal_type": "weak",
    "details": {
      "score": -0.01081521261267734,
      "spring_drift": 1.5397534582984533e-05,
      "angular_momentum": 0.0,
      "pairing_gap": 9.315668411244686e-06,
      "phase_sync": -0.10823234760192782,
      "atr": 1.189999999999418
    },
    "inst_id": "BTC-USDT",
    "timestamp": "2026-04-18T02:38:09.326986"
  },
  {
    "side": "sell",
    "price": 77293.5,
    "size": 1.2937698512811555e-05,
    "confidence": 0.00011281269023787684,
    "risk_level": "low",
    "signal_type": "weak",
    "details": {
      "score": -0.011281269023787684,
      "spring_drift": 1.086954513966849e-05,
      "angular_momentum": -9.055978886632082e-06,
      "pairing_gap": 3.5969007654067525e-05,
      "phase_sync": -0.11290093849708374,
      "atr": 1.5399999999994178
    },
    "inst_id": "BTC-USDT",
    "timestamp": "2026-04-18T02:38:24.084787"
  },
  {
    "side": "sell",
    "price": 77298.0,
    "size": 1.2936945328469043e-05,
    "confidence": 9.938884057833882e-05,
    "risk_level": "low",
    "signal_type": "weak",
    "details": {
      "score": -0.009938884057833882,
      "spring_drift": 1.6691509470433692e-05,
      "angular_momentum": 1.1643928661530401e-05,
      "pairing_gap": 7.038546912694497e-05,
      "phase_sync": -0.09963130934045904,
      "atr": 1.989999999999418
    },
    "inst_id": "BTC-USDT",
    "timestamp": "2026-04-18T02:38:26.049088"
  },
  {
    "side": "sell",
    "price": 77298.0,
    "size": 1.2936945328469043e-05,
    "confidence": 9.926176979711128e-05,
    "risk_level": "low",
    "signal_type": "weak",
    "details": {
      "score": -0.009926176979711128,
      "spring_drift": 1.6691509470433692e-05,
      "angular_momentum": 1.3552527156068806e-21,
      "pairing_gap": 0.0001048020018475075,
      "phase_sync": -0.09953813983868802,
      "atr": 1.989999999999418
    },
    "inst_id": "BTC-USDT",
    "timestamp": "2026-04-18T02:38:27.207719"
  },
  {
    "side": "sell",
    "price": 77298.0,
    "size": 1.2936945328469043e-05,
    "confidence": 9.653764311531144e-05,
    "risk_level": "low",
    "signal_type": "weak",
    "details": {
      "score": -0.009653764311531143,
      "spring_drift": -1.4103559695535373e-05,
      "angular_momentum": -3.079506916596907e-05,
      "pairing_gap": 9.151700344521912e-05,
      "phase_sync": -0.09657187767592182,
      "atr": 1.989999999999418
    },
    "inst_id": "BTC-USDT",
    "timestamp": "2026-04-18T02:38:28.914781"
  },
  {
    "side": "sell",
    "price": 77298.0,
    "size": 1.2936945328469043e-05,
    "confidence": 9.711632340729881e-05,
    "risk_level": "low",
    "signal_type": "weak",
    "details": {
      "score": -0.009711632340729881,
      "spring_drift": -1.4103559695535373e-05,
      "angular_momentum": 1.3552527156068806e-21,
      "pairing_gap": 8.297679332296735e-05,
      "phase_sync": -0.09722586275516261,
      "atr": 1.989999999999418
    },
    "inst_id": "BTC-USDT",
    "timestamp": "2026-04-18T02:38:30.355738"
  },
  {
    "side": "sell",
    "price": 77314.0,
    "size": 1.2934268049771063e-05,
    "confidence": 4.263420735652274e-05,
    "risk_level": "low",
    "signal_type": "weak",
    "details": {
      "score": -0.004263420735652274,
      "spring_drift": -6.493239587763622e-05,
      "angular_momentum": -4.422541513053822e-05,
      "pairing_gap": 0.00017866566411552253,
      "phase_sync": -0.04259913285585162,
      "atr": 5.020000000001164
    },
    "inst_id": "BTC-USDT",
    "timestamp": "2026-04-18T02:39:29.073523"
  },
  {
    "side": "sell",
    "price": 77314.0,
    "size": 1.2934268049771063e-05,
    "confidence": 4.3721638148293354e-05,
    "risk_level": "low",
    "signal_type": "weak",
    "details": {
      "score": -0.004372163814829335,
      "spring_drift": -6.493239587763622e-05,
      "angular_momentum": 0.0,
      "pairing_gap": 0.00011976977300665218,
      "phase_sync": -0.043701448110796105,
      "atr": 5.020000000001164
    },
    "inst_id": "BTC-USDT",
    "timestamp": "2026-04-18T02:39:30.795233"
  },
  {
    "side": "sell",
    "price": 77320.5,
    "size": 1.2933180721800815e-05,
    "confidence": 4.213179474059858e-05,
    "risk_level": "low",
    "signal_type": "weak",
    "details": {
      "score": -0.004213179474059858,
      "spring_drift": -5.652512164528502e-05,
      "angular_momentum": 1.681454846470238e-05,
      "pairing_gap": 7.20845942029723e-05,
      "phase_sync": -0.04210030708781749,
      "atr": 5.670000000001164
    },
    "inst_id": "BTC-USDT",
    "timestamp": "2026-04-18T02:39:42.248777"
  },
  {
    "side": "sell",
    "price": 77320.5,
    "size": 1.2933180721800815e-05,
    "confidence": 3.5476209973186554e-05,
    "risk_level": "low",
    "signal_type": "weak",
    "details": {
      "score": -0.0035476209973186556,
      "spring_drift": -1.7843655113170117e-05,
      "angular_momentum": 0.0,
      "pairing_gap": 2.138344877936612e-05,
      "phase_sync": -0.03544760225029261,
      "atr": 2.6800000000017463
    },
    "inst_id": "BTC-USDT",
    "timestamp": "2026-04-18T02:39:43.961165"
  },
  {
    "side": "sell",
    "price": 77320.5,
    "size": 1.2933180721800815e-05,
    "confidence": 3.5358029205342954e-05,
    "risk_level": "low",
    "signal_type": "weak",
    "details": {
      "score": -0.0035358029205342953,
      "spring_drift": -1.3705433332917917e-05,
      "angular_momentum": 0.0,
      "pairing_gap": -2.5435463761893376e-05,
      "phase_sync": -0.03525233654448749,
      "atr": 2.360000000000582
    },
    "inst_id": "BTC-USDT",
    "timestamp": "2026-04-18T02:39:45.120287"
  },
  {
    "side": "sell",
    "price": 77331.0,
    "size": 1.2931424655054248e-05,
    "confidence": 4.3739597663239614e-05,
    "risk_level": "low",
    "signal_type": "weak",
    "details": {
      "score": -0.004373959766323961,
      "spring_drift": 4.409982155551116e-05,
      "angular_momentum": 7.138509464631992e-05,
      "pairing_gap": -9.915237650952417e-06,
      "phase_sync": -0.0441103217580987,
      "atr": 3.410000000000582
    },
    "inst_id": "BTC-USDT",
    "timestamp": "2026-04-18T02:39:53.557497"
  },
  {
    "side": "sell",
    "price": 77331.0,
    "size": 1.2931424655054248e-05,
    "confidence": 4.2883349186882936e-05,
    "risk_level": "low",
    "signal_type": "weak",
    "details": {
      "score": -0.004288334918688293,
      "spring_drift": 4.409982155551116e-05,
      "angular_momentum": 0.0,
      "pairing_gap": 5.604105308910831e-06,
      "phase_sync": -0.043070956683722794,
      "atr": 3.410000000000582
    },
    "inst_id": "BTC-USDT",
    "timestamp": "2026-04-18T02:40:40.803431"
  },
  {
    "side": "sell",
    "price": 77357.8,
    "size": 1.2926944664920667e-05,
    "confidence": 4.6461212316130004e-05,
    "risk_level": "low",
    "signal_type": "weak",
    "details": {
      "score": -0.004646121231613,
      "spring_drift": 6.194149116635792e-05,
      "angular_momentum": 5.249788768639592e-05,
      "pairing_gap": 5.0520560057421925e-05,
      "phase_sync": -0.046967513063969464,
      "atr": 6.090000000000873
    },
    "inst_id": "BTC-USDT",
    "timestamp": "2026-04-18T02:40:47.408933"
  },
  {
    "side": "sell",
    "price": 77357.8,
    "size": 1.2926944664920667e-05,
    "confidence": 4.6684519655076425e-05,
    "risk_level": "low",
    "signal_type": "weak",
    "details": {
      "score": -0.004668451965507642,
      "spring_drift": 6.194149116635792e-05,
      "angular_momentum": 0.0,
      "pairing_gap": 0.00012121173457167401,
      "phase_sync": -0.0471747090888852,
      "atr": 6.090000000000873
    },
    "inst_id": "BTC-USDT",
    "timestamp": "2026-04-18T02:40:49.777847"
  },
  {
    "side": "sell",
    "price": 77357.8,
    "size": 1.2926944664920667e-05,
    "confidence": 4.845637949517575e-05,
    "risk_level": "low",
    "signal_type": "weak",
    "details": {
      "score": -0.004845637949517575,
      "spring_drift": 6.194149116635792e-05,
      "angular_momentum": 0.0,
      "pairing_gap": 0.00019465846147032002,
      "phase_sync": -0.04909346238278182,
      "atr": 6.090000000000873
    },
    "inst_id": "BTC-USDT",
    "timestamp": "2026-04-18T02:40:51.506970"
  },
  {
    "side": "sell",
    "price": 77357.8,
    "size": 1.2926944664920667e-05,
    "confidence": 4.711592146446854e-05,
    "risk_level": "low",
    "signal_type": "weak",
    "details": {
      "score": -0.004711592146446854,
      "spring_drift": 1.2669104085307102e-05,
      "angular_momentum": -2.7159679515781712e-05,
      "pairing_gap": 0.00024094680110126274,
      "phase_sync": -0.04756701244446495,
      "atr": 4.380000000000291
    },
    "inst_id": "BTC-USDT",
    "timestamp": "2026-04-18T02:40:52.675390"
  },
  {
    "side": "sell",
    "price": 77335.4,
    "size": 1.2930688921244347e-05,
    "confidence": 7.258956824345433e-05,
    "risk_level": "low",
    "signal_type": "weak",
    "details": {
      "score": -0.007258956824345433,
      "spring_drift": -1.628725196412648e-05,
      "angular_momentum": -5.791271209886716e-05,
      "pairing_gap": 0.00024861824633776836,
      "phase_sync": -0.07284791759197676,
      "atr": 6.6200000000011645
    },
    "inst_id": "BTC-USDT",
    "timestamp": "2026-04-18T02:41:22.658606"
  },
  {
    "side": "sell",
    "price": 77341.0,
    "size": 1.2929752653831732e-05,
    "confidence": 6.794306495529614e-05,
    "risk_level": "low",
    "signal_type": "weak",
    "details": {
      "score": -0.006794306495529614,
      "spring_drift": -6.995122808696923e-05,
      "angular_momentum": -5.4830064559289584e-05,
      "pairing_gap": 0.0001966343204215101,
      "phase_sync": -0.06789203849011341,
      "atr": 6.530000000001746
    },
    "inst_id": "BTC-USDT",
    "timestamp": "2026-04-18T02:41:24.708715"
  },
  {
    "side": "sell",
    "price": 77341.0,
    "size": 1.2929752653831732e-05,
    "confidence": 6.676331938070775e-05,
    "risk_level": "low",
    "signal_type": "weak",
    "details": {
      "score": -0.006676331938070775,
      "spring_drift": -6.995122808696923e-05,
      "angular_momentum": 5.4210108624275225e-21,
      "pairing_gap": 0.00014465128179303762,
      "phase_sync": -0.06677281703194594,
      "atr": 6.530000000001746
    },
    "inst_id": "BTC-USDT",
    "timestamp": "2026-04-18T02:41:26.406130"
  },
  {
    "side": "sell",
    "price": 77341.0,
    "size": 1.2929752653831732e-05,
    "confidence": 6.42708703740312e-05,
    "risk_level": "low",
    "signal_type": "weak",
    "details": {
      "score": -0.006427087037403119,
      "spring_drift": -6.995122808696923e-05,
      "angular_momentum": 5.4210108624275225e-21,
      "pairing_gap": 9.266913043001042e-05,
      "phase_sync": -0.06417640372254334,
      "atr": 6.530000000001746
    },
    "inst_id": "BTC-USDT",
    "timestamp": "2026-04-18T02:41:27.571359"
  },
  {
    "side": "sell",
    "price": 77331.9,
    "size": 1.2931274157236535e-05,
    "confidence": 6.63313730570298e-05,
    "risk_level": "low",
    "signal_type": "weak",
    "details": {
      "score": -0.006633137305702981,
      "spring_drift": -6.813746324407277e-05,
      "angular_momentum": -2.35321498299888e-05,
      "pairing_gap": 1.0258098941727587e-05,
      "phase_sync": -0.066008742952447,
      "atr": 6.3900000000023285
    },
    "inst_id": "BTC-USDT",
    "timestamp": "2026-04-18T02:42:13.850441"
  },
  {
    "side": "sell",
    "price": 77331.8,
    "size": 1.2931290879043292e-05,
    "confidence": 6.570614123230052e-05,
    "risk_level": "low",
    "signal_type": "weak",
    "details": {
      "score": -0.006570614123230052,
      "spring_drift": -1.0354063886766685e-05,
      "angular_momentum": 5.7654086615745006e-05,
      "pairing_gap": -1.4395598636338607e-05,
      "phase_sync": -0.065808896039328,
      "atr": 6.400000000001455
    },
    "inst_id": "BTC-USDT",
    "timestamp": "2026-04-18T02:42:16.252833"
  },
  {
    "side": "sell",
    "price": 77331.8,
    "size": 1.2931290879043292e-05,
    "confidence": 6.327908971015989e-05,
    "risk_level": "low",
    "signal_type": "weak",
    "details": {
      "score": -0.006327908971015989,
      "spring_drift": 9.819782596973738e-06,
      "angular_momentum": -1.4482371591808721e-05,
      "pairing_gap": -4.79273944799494e-05,
      "phase_sync": -0.06317906693681245,
      "atr": 3.720000000001164
    },
    "inst_id": "BTC-USDT",
    "timestamp": "2026-04-18T02:42:17.932141"
  },
  {
    "side": "sell",
    "price": 77331.8,
    "size": 1.2931290879043292e-05,
    "confidence": 6.043870710375984e-05,
    "risk_level": "low",
    "signal_type": "weak",
    "details": {
      "score": -0.006043870710375984,
      "spring_drift": 9.819782596973745e-06,
      "angular_momentum": -8.046812998915853e-22,
      "pairing_gap": -8.145853708746306e-05,
      "phase_sync": -0.06031506915997281,
      "atr": 3.720000000001164
    },
    "inst_id": "BTC-USDT",
    "timestamp": "2026-04-18T02:42:19.098015"
  },
  {
    "side": "sell",
    "price": 77331.8,
    "size": 1.2931290879043292e-05,
    "confidence": 5.8667505360183455e-05,
    "risk_level": "low",
    "signal_type": "weak",
    "details": {
      "score": -0.005866750536018346,
      "spring_drift": 9.819782596973745e-06,
      "angular_momentum": -8.046812998915853e-22,
      "pairing_gap": -0.00011498902647853248,
      "phase_sync": -0.058476806437614284,
      "atr": 3.720000000001164
    },
    "inst_id": "BTC-USDT",
    "timestamp": "2026-04-18T02:42:21.177274"
  },
  {
    "side": "sell",
    "price": 77323.3,
    "size": 1.2932712390702414e-05,
    "confidence": 4.797754374671854e-05,
    "risk_level": "low",
    "signal_type": "weak",
    "details": {
      "score": -0.004797754374671854,
      "spring_drift": 2.236033517977575e-05,
      "angular_momentum": 1.5489553356152091e-06,
      "pairing_gap": -0.00013059185262005813,
      "phase_sync": -0.047810448248204365,
      "atr": 4.570000000001164
    },
    "inst_id": "BTC-USDT",
    "timestamp": "2026-04-18T02:43:02.892362"
  },
  {
    "side": "sell",
    "price": 77323.3,
    "size": 1.2932712390702414e-05,
    "confidence": 4.567385054908018e-05,
    "risk_level": "low",
    "signal_type": "weak",
    "details": {
      "score": -0.0045673850549080176,
      "spring_drift": -6.337395386535684e-06,
      "angular_momentum": 2.586254831221505e-07,
      "pairing_gap": -0.00014593628644167373,
      "phase_sync": -0.04535740427110005,
      "atr": 2.330000000000291
    },
    "inst_id": "BTC-USDT",
    "timestamp": "2026-04-18T02:43:05.027254"
  },
  {
    "side": "sell",
    "price": 77323.3,
    "size": 1.2932712390702414e-05,
    "confidence": 4.5114320389825146e-05,
    "risk_level": "low",
    "signal_type": "weak",
    "details": {
      "score": -0.004511432038982514,
      "spring_drift": 9.037904093686812e-07,
      "angular_momentum": 0.0,
      "pairing_gap": -0.0001381824125083376,
      "phase_sync": -0.04484157072644594,
      "atr": 1.769999999999709
    },
    "inst_id": "BTC-USDT",
    "timestamp": "2026-04-18T02:43:07.327383"
  },
  {
    "side": "sell",
    "price": 77341.2,
    "size": 1.2929719218217457e-05,
    "confidence": 5.5358417540247556e-05,
    "risk_level": "low",
    "signal_type": "weak",
    "details": {
      "score": -0.0055358417540247555,
      "spring_drift": 2.4053345588718475e-05,
      "angular_momentum": 4.629911035869959e-05,
      "pairing_gap": -9.956517174102038e-05,
      "phase_sync": -0.05539439791019648,
      "atr": 3.559999999999127
    },
    "inst_id": "BTC-USDT",
    "timestamp": "2026-04-18T02:43:27.510552"
  },
  {
    "side": "sell",
    "price": 77341.2,
    "size": 1.2929719218217457e-05,
    "confidence": 5.498200387146868e-05,
    "risk_level": "low",
    "signal_type": "weak",
    "details": {
      "score": -0.005498200387146868,
      "spring_drift": 2.4053345588718475e-05,
      "angular_momentum": 0.0,
      "pairing_gap": -6.094682574793659e-05,
      "phase_sync": -0.05495632360232768,
      "atr": 3.559999999999127
    },
    "inst_id": "BTC-USDT",
    "timestamp": "2026-04-18T02:43:28.942591"
  },
  {
    "side": "sell",
    "price": 77341.2,
    "size": 1.2929719218217457e-05,
    "confidence": 5.4376660684817716e-05,
    "risk_level": "low",
    "signal_type": "weak",
    "details": {
      "score": -0.005437666068481771,
      "spring_drift": 3.427046516809767e-05,
      "angular_momentum": 2.1983194494373592e-05,
      "pairing_gap": -3.448243163913882e-07,
      "phase_sync": -0.05457900248034044,
      "atr": 2.6499999999985446
    },
    "inst_id": "BTC-USDT",
    "timestamp": "2026-04-18T02:43:30.637475"
  },
  {
    "side": "sell",
    "price": 77341.2,
    "size": 1.2929719218217457e-05,
    "confidence": 5.415779011154803e-05,
    "risk_level": "low",
    "signal_type": "weak",
    "details": {
      "score": -0.005415779011154803,
      "spring_drift": 3.414115242653659e-05,
      "angular_momentum": 0.0,
      "pairing_gap": 4.094768282672523e-05,
      "phase_sync": -0.05437625008690762,
      "atr": 2.639999999999418
    },
    "inst_id": "BTC-USDT",
    "timestamp": "2026-04-18T02:43:31.799355"
  },
  {
    "side": "sell",
    "price": 77373.3,
    "size": 1.2924355042372498e-05,
    "confidence": 4.5601837176267504e-05,
    "risk_level": "low",
    "signal_type": "weak",
    "details": {
      "score": -0.00456018371762675,
      "spring_drift": 7.564555111702217e-05,
      "angular_momentum": 8.300879738097114e-05,
      "pairing_gap": 0.00014240776532633184,
      "phase_sync": -0.04643826130353117,
      "atr": 5.85
    },
    "inst_id": "BTC-USDT",
    "timestamp": "2026-04-18T02:43:33.630194"
  },
  {
    "side": "sell",
    "price": 77367.3,
    "size": 1.292535735381744e-05,
    "confidence": 5.0431922819192635e-05,
    "risk_level": "low",
    "signal_type": "weak",
    "details": {
      "score": -0.005043192281919263,
      "spring_drift": 2.1591827732899072e-05,
      "angular_momentum": -6.18083364095466e-05,
      "pairing_gap": 0.00018722920941168037,
      "phase_sync": -0.05070732353971894,
      "atr": 6.45
    },
    "inst_id": "BTC-USDT",
    "timestamp": "2026-04-18T02:43:38.835474"
  },
  {
    "side": "sell",
    "price": 77367.7,
    "size": 1.292529052821785e-05,
    "confidence": 5.0498688887318754e-05,
    "risk_level": "low",
    "signal_type": "weak",
    "details": {
      "score": -0.005049868888731875,
      "spring_drift": 2.2108842027044247e-05,
      "angular_momentum": 1.034028588290341e-06,
      "pairing_gap": 0.00023273813572117344,
      "phase_sync": -0.051055702612634146,
      "atr": 6.489999999999418
    },
    "inst_id": "BTC-USDT",
    "timestamp": "2026-04-18T02:44:34.817772"
  },
  {
    "side": "sell",
    "price": 77367.7,
    "size": 1.292529052821785e-05,
    "confidence": 4.967685212958517e-05,
    "risk_level": "low",
    "signal_type": "weak",
    "details": {
      "score": -0.0049676852129585175,
      "spring_drift": 1.1117244779857444e-05,
      "angular_momentum": -7.115076756936123e-21,
      "pairing_gap": 0.0002703988896493872,
      "phase_sync": -0.050262118888003374,
      "atr": 5.639999999999418
    },
    "inst_id": "BTC-USDT",
    "timestamp": "2026-04-18T02:44:37.734374"
  },
  {
    "side": "sell",
    "price": 77372.6,
    "size": 1.2924471970697637e-05,
    "confidence": 4.678745441069954e-05,
    "risk_level": "low",
    "signal_type": "weak",
    "details": {
      "score": -0.004678745441069954,
      "spring_drift": 1.7450637138695485e-05,
      "angular_momentum": 1.2666784717676053e-05,
      "pairing_gap": 0.0003164167726921179,
      "phase_sync": -0.047528090858791575,
      "atr": 6.130000000000291
    },
    "inst_id": "BTC-USDT",
    "timestamp": "2026-04-18T02:44:39.448488"
  },
  {
    "side": "sell",
    "price": 77372.6,
    "size": 1.2924471970697637e-05,
    "confidence": 4.851878441528161e-05,
    "risk_level": "low",
    "signal_type": "weak",
    "details": {
      "score": -0.004851878441528161,
      "spring_drift": -6.555816024227565e-05,
      "angular_momentum": -8.300879738097115e-05,
      "pairing_gap": 0.00027942988374156044,
      "phase_sync": -0.04856638514965272,
      "atr": 6.130000000000291
    },
    "inst_id": "BTC-USDT",
    "timestamp": "2026-04-18T02:44:40.616711"
  },
  {
    "side": "sell",
    "price": 77381.5,
    "size": 1.2922985468102842e-05,
    "confidence": 3.9751294563280214e-05,
    "risk_level": "low",
    "signal_type": "weak",
    "details": {
      "score": -0.003975129456328021,
      "spring_drift": -1.5396598958165488e-05,
      "angular_momentum": 3.851478615867374e-05,
      "pairing_gap": 0.00027329864483172637,
      "phase_sync": -0.040351849815587024,
      "atr": 5.230000000000291
    },
    "inst_id": "BTC-USDT",
    "timestamp": "2026-04-18T02:44:49.658974"
  },
  {
    "side": "sell",
    "price": 77381.5,
    "size": 1.2922985468102842e-05,
    "confidence": 3.8263927544097514e-05,
    "risk_level": "low",
    "signal_type": "weak",
    "details": {
      "score": -0.0038263927544097513,
      "spring_drift": -1.6430627546455837e-05,
      "angular_momentum": -1.0340285882903463e-06,
      "pairing_gap": 0.0002661337327180182,
      "phase_sync": -0.03872737041358285,
      "atr": 5.230000000000291
    },
    "inst_id": "BTC-USDT",
    "timestamp": "2026-04-18T02:44:51.354202"
  },
  {
    "side": "sell",
    "price": 77381.5,
    "size": 1.2922985468102842e-05,
    "confidence": 3.816557779605842e-05,
    "risk_level": "low",
    "signal_type": "weak",
    "details": {
      "score": -0.0038165577796058416,
      "spring_drift": -1.6430627546455837e-05,
      "angular_momentum": 0.0,
      "pairing_gap": 0.0002516423324797744,
      "phase_sync": -0.038603139950832144,
      "atr": 5.230000000000291
    },
    "inst_id": "BTC-USDT",
    "timestamp": "2026-04-18T02:44:52.513716"
  },
  {
    "side": "sell",
    "price": 77373.0,
    "size": 1.2924405154252775e-05,
    "confidence": 4.449034524464251e-05,
    "risk_level": "low",
    "signal_type": "weak",
    "details": {
      "score": -0.004449034524464251,
      "spring_drift": -4.0081949912019315e-05,
      "angular_momentum": -3.4635860013450885e-05,
      "pairing_gap": 0.00020983658771070977,
      "phase_sync": -0.044645783040375496,
      "atr": 6.080000000000291
    },
    "inst_id": "BTC-USDT",
    "timestamp": "2026-04-18T02:44:54.290373"
  },
  {
    "side": "sell",
    "price": 77373.0,
    "size": 1.2924405154252775e-05,
    "confidence": 4.446508981105927e-05,
    "risk_level": "low",
    "signal_type": "weak",
    "details": {
      "score": -0.004446508981105927,
      "spring_drift": 1.4224487784662519e-06,
      "angular_momentum": 0.0,
      "pairing_gap": 0.00016803442379057223,
      "phase_sync": -0.04480684845375427,
      "atr": 2.869999999999709
    },
    "inst_id": "BTC-USDT",
    "timestamp": "2026-04-18T02:44:55.858559"
  },
  {
    "side": "sell",
    "price": 77354.4,
    "size": 1.2927512849947775e-05,
    "confidence": 3.8230291287569015e-05,
    "risk_level": "low",
    "signal_type": "weak",
    "details": {
      "score": -0.0038230291287569013,
      "spring_drift": -5.337711794170167e-05,
      "angular_momentum": -7.108434728166213e-05,
      "pairing_gap": 8.660137181777048e-05,
      "phase_sync": -0.03797673251759276,
      "atr": 4.130000000000291
    },
    "inst_id": "BTC-USDT",
    "timestamp": "2026-04-18T02:45:46.903373"
  },
  {
    "side": "sell",
    "price": 77354.4,
    "size": 1.2927512849947775e-05,
    "confidence": 3.7384702908245044e-05,
    "risk_level": "low",
    "signal_type": "weak",
    "details": {
      "score": -0.0037384702908245045,
      "spring_drift": -5.286010364755649e-05,
      "angular_momentum": 0.0,
      "pairing_gap": 5.170172345222892e-06,
      "phase_sync": -0.037183602838345264,
      "atr": 4.090000000000873
    },
    "inst_id": "BTC-USDT",
    "timestamp": "2026-04-18T02:45:49.596294"
  },
  {
    "side": "sell",
    "price": 77354.4,
    "size": 1.2927512849947775e-05,
    "confidence": 3.728383063868733e-05,
    "risk_level": "low",
    "signal_type": "weak",
    "details": {
      "score": -0.0037283830638687333,
      "spring_drift": -5.28601036475565e-05,
      "angular_momentum": 0.0,
      "pairing_gap": -7.625917468953054e-05,
      "phase_sync": -0.03691987187471804,
      "atr": 4.090000000000873
    },
    "inst_id": "BTC-USDT",
    "timestamp": "2026-04-18T02:45:51.614113"
  },
  {
    "side": "sell",
    "price": 77348.8,
    "size": 1.292844879300002e-05,
    "confidence": 3.393196938578777e-05,
    "risk_level": "low",
    "signal_type": "weak",
    "details": {
      "score": -0.003393196938578777,
      "spring_drift": -3.179704318890311e-05,
      "angular_momentum": 7.490260903855893e-06,
      "pairing_gap": -0.00014536540701417727,
      "phase_sync": -0.03353652118171537,
      "atr": 4.159999999999127
    },
    "inst_id": "BTC-USDT",
    "timestamp": "2026-04-18T02:46:01.195242"
  },
  {
    "side": "sell",
    "price": 77316.7,
    "size": 1.2933816368261967e-05,
    "confidence": 1.2092331756393599e-05,
    "risk_level": "low",
    "signal_type": "weak",
    "details": {
      "score": -0.00120923317563936,
      "spring_drift": -7.329736381444068e-05,
      "angular_momentum": -8.300064125107517e-05,
      "pairing_gap": -0.00024214387465171564,
      "phase_sync": -0.01106585262807918,
      "atr": 7.369999999999709
    },
    "inst_id": "BTC-USDT",
    "timestamp": "2026-04-18T02:46:21.292266"
  },
  {
    "side": "sell",
    "price": 77316.7,
    "size": 1.2933816368261967e-05,
    "confidence": 1.0661322909935273e-05,
    "risk_level": "low",
    "signal_type": "weak",
    "details": {
      "score": -0.0010661322909935273,
      "spring_drift": -1.3715796586691954e-05,
      "angular_momentum": 4.807878717383537e-05,
      "pairing_gap": -0.00029601440517273834,
      "phase_sync": -0.010158667274764534,
      "atr": 6.480000000000291
    },
    "inst_id": "BTC-USDT",
    "timestamp": "2026-04-18T02:46:23.644010"
  },
  {
    "side": "sell",
    "price": 77316.7,
    "size": 1.2933816368261967e-05,
    "confidence": 1.1186219685853796e-05,
    "risk_level": "low",
    "signal_type": "weak",
    "details": {
      "score": -0.0011186219685853796,
      "spring_drift": -1.3715796586691954e-05,
      "angular_momentum": 0.0,
      "pairing_gap": -0.0003495450355943054,
      "phase_sync": -0.010432266428318418,
      "atr": 6.480000000000291
    },
    "inst_id": "BTC-USDT",
    "timestamp": "2026-04-18T02:46:25.398385"
  },
  {
    "side": "sell",
    "price": 77339.2,
    "size": 1.2930053582142045e-05,
    "confidence": 4.0715479163175106e-05,
    "risk_level": "low",
    "signal_type": "weak",
    "details": {
      "score": -0.004071547916317511,
      "spring_drift": 1.8887288422618248e-05,
      "angular_momentum": 0.00010632435347995742,
      "pairing_gap": -0.00042154050430212743,
      "phase_sync": -0.0402669203687012,
      "atr": 10.480000000000292
    },
    "inst_id": "BTC-USDT",
    "timestamp": "2026-04-18T02:47:07.713610"
  },
  {
    "side": "buy",
    "price": 77329.0,
    "size": 1.2931759107191352e-05,
    "confidence": 2.102422779289199e-05,
    "risk_level": "low",
    "signal_type": "weak",
    "details": {
      "score": 0.0021024227792891988,
      "spring_drift": 4.963291715809062e-05,
      "angular_momentum": 0.0001008168751938786,
      "pairing_gap": -0.0002994098678044536,
      "phase_sync": 0.021122065234286898,
      "atr": 3.960000000000582
    },
    "inst_id": "BTC-USDT",
    "timestamp": "2026-04-18T03:18:49.373126"
  },
  {
    "side": "buy",
    "price": 77337.1,
    "size": 1.2930404682875358e-05,
    "confidence": 2.1014275041273857e-05,
    "risk_level": "low",
    "signal_type": "weak",
    "details": {
      "score": 0.0021014275041273856,
      "spring_drift": 6.0107642034923136e-05,
      "angular_momentum": 2.094944975366504e-05,
      "pairing_gap": -0.00025235894854235653,
      "phase_sync": 0.02121571402095788,
      "atr": 4.770000000001164
    },
    "inst_id": "BTC-USDT",
    "timestamp": "2026-04-18T03:18:52.298900"
  },
  {
    "side": "buy",
    "price": 77337.1,
    "size": 1.2930404682875358e-05,
    "confidence": 2.5737100285485616e-05,
    "risk_level": "low",
    "signal_type": "weak",
    "details": {
      "score": 0.0025737100285485614,
      "spring_drift": 6.088316247377182e-05,
      "angular_momentum": 0.0,
      "pairing_gap": -0.00020530557174523707,
      "phase_sync": 0.025904178779081,
      "atr": 4.710000000000582
    },
    "inst_id": "BTC-USDT",
    "timestamp": "2026-04-18T03:18:54.660960"
  },
  {
    "side": "buy",
    "price": 77337.0,
    "size": 1.2930421402433505e-05,
    "confidence": 2.8921399119982665e-05,
    "risk_level": "low",
    "signal_type": "weak",
    "details": {
      "score": 0.0028921399119982666,
      "spring_drift": 6.075385842693554e-05,
      "angular_momentum": -2.586080936725601e-07,
      "pairing_gap": -0.0001584221362095091,
      "phase_sync": 0.028996003782974955,
      "atr": 4.720000000001164
    },
    "inst_id": "BTC-USDT",
    "timestamp": "2026-04-18T03:18:57.240810"
  },
  {
    "side": "sell",
    "price": 77336.1,
    "size": 1.2930571880402554e-05,
    "confidence": 5.937422068955681e-05,
    "risk_level": "low",
    "signal_type": "weak",
    "details": {
      "score": -0.005937422068955681,
      "spring_drift": 5.9590120500724054e-05,
      "angular_momentum": -2.327475852422978e-06,
      "pairing_gap": -0.0001130878402040207,
      "phase_sync": -0.059379423063594394,
      "atr": 4.810000000000582
    },
    "inst_id": "BTC-USDT",
    "timestamp": "2026-04-18T03:19:08.736450"
  },
  {
    "side": "sell",
    "price": 77336.1,
    "size": 1.2930571880402554e-05,
    "confidence": 5.686560719027396e-05,
    "risk_level": "low",
    "signal_type": "weak",
    "details": {
      "score": -0.005686560719027396,
      "spring_drift": 9.181682903784752e-06,
      "angular_momentum": 0.0,
      "pairing_gap": -6.775109798141405e-05,
      "phase_sync": -0.05676683172592627,
      "atr": 0.9100000000005821
    },
    "inst_id": "BTC-USDT",
    "timestamp": "2026-04-18T03:19:10.759754"
  },
  {
    "side": "sell",
    "price": 77336.1,
    "size": 1.2930571880402554e-05,
    "confidence": 5.331591576347247e-05,
    "risk_level": "low",
    "signal_type": "weak",
    "details": {
      "score": -0.005331591576347247,
      "spring_drift": -1.176776684988029e-05,
      "angular_momentum": -2.094944975366504e-05,
      "pairing_gap": -4.3358424614974245e-05,
      "phase_sync": -0.053119279497581995,
      "atr": 0.9100000000005821
    },
    "inst_id": "BTC-USDT",
    "timestamp": "2026-04-18T03:19:12.573997"
  },
  {
    "side": "sell",
    "price": 77336.1,
    "size": 1.2930571880402554e-05,
    "confidence": 4.9225109111205284e-05,
    "risk_level": "low",
    "signal_type": "weak",
    "details": {
      "score": -0.004922510911120529,
      "spring_drift": -1.176776684988029e-05,
      "angular_momentum": 0.0,
      "pairing_gap": -1.844723263944078e-05,
      "phase_sync": -0.04914114357852688,
      "atr": 0.9100000000005821
    },
    "inst_id": "BTC-USDT",
    "timestamp": "2026-04-18T03:19:13.741559"
  },
  {
    "side": "sell",
    "price": 77336.1,
    "size": 1.2930571880402554e-05,
    "confidence": 4.618537999469342e-05,
    "risk_level": "low",
    "signal_type": "weak",
    "details": {
      "score": -0.004618537999469342,
      "spring_drift": -1.150915875620773e-05,
      "angular_momentum": 2.5860809367256023e-07,
      "pairing_gap": 6.723942588961957e-06,
      "phase_sync": -0.04615356706912753,
      "atr": 0.9100000000005821
    },
    "inst_id": "BTC-USDT",
    "timestamp": "2026-04-18T03:19:15.472144"
  },
  {
    "side": "sell",
    "price": 77336.1,
    "size": 1.2930571880402554e-05,
    "confidence": 4.337943583104519e-05,
    "risk_level": "low",
    "signal_type": "weak",
    "details": {
      "score": -0.004337943583104519,
      "spring_drift": -9.181682903784752e-06,
      "angular_momentum": 2.327475852422978e-06,
      "pairing_gap": 3.4224084824706e-05,
      "phase_sync": -0.04341813969663673,
      "atr": 0.9100000000005821
    },
    "inst_id": "BTC-USDT",
    "timestamp": "2026-04-18T03:19:16.629184"
  },
  {
    "side": "buy",
    "price": 77481.8,
    "size": 1.290625669512066e-05,
    "confidence": 4.857040238504925e-05,
    "risk_level": "low",
    "signal_type": "weak",
    "details": {
      "score": 0.004857040238504925,
      "spring_drift": 0.00017921674939367667,
      "angular_momentum": 0.0003767968645949229,
      "pairing_gap": 0.0002792731244614344,
      "phase_sync": 0.046164598544766906,
      "atr": 15.480000000000292
    },
    "inst_id": "BTC-USDT",
    "timestamp": "2026-04-18T04:19:50.344257"
  },
  {
    "side": "buy",
    "price": 77481.8,
    "size": 1.290625669512066e-05,
    "confidence": 4.1616389603698434e-05,
    "risk_level": "low",
    "signal_type": "weak",
    "details": {
      "score": 0.004161638960369843,
      "spring_drift": 0.0001896914742705092,
      "angular_momentum": 0.0,
      "pairing_gap": 0.0005242576234540632,
      "phase_sync": 0.03980910845970827,
      "atr": 14.669999999999709
    },
    "inst_id": "BTC-USDT",
    "timestamp": "2026-04-18T04:19:52.698381"
  },
  {
    "side": "buy",
    "price": 77481.8,
    "size": 1.290625669512066e-05,
    "confidence": 3.699662131005108e-05,
    "risk_level": "low",
    "signal_type": "weak",
    "details": {
      "score": 0.003699662131005108,
      "spring_drift": 0.0001896914742705092,
      "angular_momentum": 0.0,
      "pairing_gap": 0.0007691776072973482,
      "phase_sync": 0.034699500198374346,
      "atr": 14.669999999999709
    },
    "inst_id": "BTC-USDT",
    "timestamp": "2026-04-18T04:19:55.821656"
  },
  {
    "side": "buy",
    "price": 77481.8,
    "size": 1.290625669512066e-05,
    "confidence": 3.298494790262046e-05,
    "risk_level": "low",
    "signal_type": "weak",
    "details": {
      "score": 0.003298494790262046,
      "spring_drift": 0.0001895621702236729,
      "angular_momentum": 0.0,
      "pairing_gap": 0.0010140331014731837,
      "phase_sync": 0.030198633018779397,
      "atr": 14.659999999999126
    },
    "inst_id": "BTC-USDT",
    "timestamp": "2026-04-18T04:19:58.268523"
  },
  {
    "side": "buy",
    "price": 77481.9,
    "size": 1.2906240037995971e-05,
    "confidence": 2.8841489025332385e-05,
    "risk_level": "low",
    "signal_type": "weak",
    "details": {
      "score": 0.0028841489025332387,
      "spring_drift": 0.0001885274948644014,
      "angular_momentum": 2.5812513387987593e-07,
      "pairing_gap": 0.0012589963230310054,
      "phase_sync": 0.02556861202441113,
      "atr": 14.579999999998837
    },
    "inst_id": "BTC-USDT",
    "timestamp": "2026-04-18T04:20:00.406100"
  },
  {
    "side": "sell",
    "price": 77439.4,
    "size": 1.2913323192070188e-05,
    "confidence": 2.8887850897364314e-05,
    "risk_level": "low",
    "signal_type": "weak",
    "details": {
      "score": -0.0028887850897364314,
      "spring_drift": -0.00024337901502588427,
      "angular_momentum": -2.5812513387987127e-07,
      "pairing_gap": 0.00026212306247209343,
      "phase_sync": -0.02843780658680332,
      "atr": 18.829999999998837
    },
    "inst_id": "BTC-USDT",
    "timestamp": "2026-04-18T04:20:53.389494"
  },
  {
    "side": "sell",
    "price": 77445.2,
    "size": 1.2912356091791358e-05,
    "confidence": 2.640990475656785e-05,
    "risk_level": "low",
    "signal_type": "weak",
    "details": {
      "score": -0.002640990475656785,
      "spring_drift": 6.22121850459474e-05,
      "angular_momentum": 0.00012468249522577468,
      "pairing_gap": 0.00018314171474862262,
      "phase_sync": -0.027399084411926206,
      "atr": 4.839999999999418
    },
    "inst_id": "BTC-USDT",
    "timestamp": "2026-04-18T04:20:55.138651"
  },
  {
    "side": "sell",
    "price": 77445.2,
    "size": 1.2912356091791358e-05,
    "confidence": 2.6198756470827926e-05,
    "risk_level": "low",
    "signal_type": "weak",
    "details": {
      "score": -0.0026198756470827925,
      "spring_drift": 6.22121850459474e-05,
      "angular_momentum": 0.0,
      "pairing_gap": 0.00010417520444148586,
      "phase_sync": -0.026655955619894683,
      "atr": 4.839999999999418
    },
    "inst_id": "BTC-USDT",
    "timestamp": "2026-04-18T04:20:57.164511"
  },
  {
    "side": "sell",
    "price": 77412.3,
    "size": 1.2917843805183414e-05,
    "confidence": 1.77458115149829e-05,
    "risk_level": "low",
    "signal_type": "weak",
    "details": {
      "score": -0.00177458115149829,
      "spring_drift": 1.973053350396136e-05,
      "angular_momentum": -8.49633030839721e-05,
      "pairing_gap": -3.1422690281808e-05,
      "phase_sync": -0.01750699835918321,
      "atr": 8.129999999998835
    },
    "inst_id": "BTC-USDT",
    "timestamp": "2026-04-18T04:21:05.454274"
  },
  {
    "side": "sell",
    "price": 77412.3,
    "size": 1.2917843805183414e-05,
    "confidence": 1.728739983869194e-05,
    "risk_level": "low",
    "signal_type": "weak",
    "details": {
      "score": -0.001728739983869194,
      "spring_drift": 1.973053350396136e-05,
      "angular_momentum": 0.0,
      "pairing_gap": -0.0001670027956612455,
      "phase_sync": -0.017032316381385294,
      "atr": 8.129999999998835
    },
    "inst_id": "BTC-USDT",
    "timestamp": "2026-04-18T04:21:07.087486"
  },
  {
    "side": "sell",
    "price": 77412.3,
    "size": 1.2917843805183414e-05,
    "confidence": 1.7329133575296206e-05,
    "risk_level": "low",
    "signal_type": "weak",
    "details": {
      "score": -0.0017329133575296205,
      "spring_drift": 1.9859596070901297e-05,
      "angular_momentum": 0.0,
      "pairing_gap": -0.0003025651151978869,
      "phase_sync": -0.016803441729184035,
      "atr": 8.11999999999971
    },
    "inst_id": "BTC-USDT",
    "timestamp": "2026-04-18T04:21:09.320311"
  },
  {
    "side": "sell",
    "price": 77412.3,
    "size": 1.2917843805183414e-05,
    "confidence": 1.7400830523227325e-05,
    "risk_level": "low",
    "signal_type": "weak",
    "details": {
      "score": -0.0017400830523227326,
      "spring_drift": -4.997137899339052e-05,
      "angular_momentum": -1.4979454902808924e-05,
      "pairing_gap": -0.0003277195753438564,
      "phase_sync": -0.016500567491857625,
      "atr": 3.869999999999709
    },
    "inst_id": "BTC-USDT",
    "timestamp": "2026-04-18T04:21:11.065488"
  },
  {
    "side": "sell",
    "price": 77412.4,
    "size": 1.2917827118136113e-05,
    "confidence": 1.724348350170254e-05,
    "risk_level": "low",
    "signal_type": "weak",
    "details": {
      "score": -0.001724348350170254,
      "spring_drift": -4.9842200555349964e-05,
      "angular_momentum": 2.5835687608111075e-07,
      "pairing_gap": -0.00035270483804811784,
      "phase_sync": -0.016339480094013148,
      "atr": 3.879999999998836
    },
    "inst_id": "BTC-USDT",
    "timestamp": "2026-04-18T04:21:12.793790"
  },
  {
    "side": "sell",
    "price": 77412.4,
    "size": 1.2917827118136113e-05,
    "confidence": 1.5753529650703633e-05,
    "risk_level": "low",
    "signal_type": "weak",
    "details": {
      "score": -0.0015753529650703634,
      "spring_drift": 3.512110252862214e-05,
      "angular_momentum": 8.49633030839721e-05,
      "pairing_gap": -0.0002927185990209219,
      "phase_sync": -0.015563466772028195,
      "atr": 3.879999999998836
    },
    "inst_id": "BTC-USDT",
    "timestamp": "2026-04-18T04:21:14.452807"
  },
  {
    "side": "sell",
    "price": 77412.4,
    "size": 1.2917827118136113e-05,
    "confidence": 1.5666624361937936e-05,
    "risk_level": "low",
    "signal_type": "weak",
    "details": {
      "score": -0.0015666624361937937,
      "spring_drift": 3.512110252862214e-05,
      "angular_momentum": 0.0,
      "pairing_gap": -0.0002327251913263886,
      "phase_sync": -0.015341658389399649,
      "atr": 3.879999999998836
    },
    "inst_id": "BTC-USDT",
    "timestamp": "2026-04-18T04:21:15.719312"
  },
  {
    "side": "sell",
    "price": 77412.4,
    "size": 1.2917827118136113e-05,
    "confidence": 1.5499551224476083e-05,
    "risk_level": "low",
    "signal_type": "weak",
    "details": {
      "score": -0.0015499551224476085,
      "spring_drift": 3.512110252862214e-05,
      "angular_momentum": 0.0,
      "pairing_gap": -0.00017263852454920753,
      "phase_sync": -0.015294758585492157,
      "atr": 3.879999999998836
    },
    "inst_id": "BTC-USDT",
    "timestamp": "2026-04-18T04:21:17.516233"
  },
  {
    "side": "sell",
    "price": 77434.6,
    "size": 1.2914123660482523e-05,
    "confidence": 1.8004455006214434e-05,
    "risk_level": "low",
    "signal_type": "weak",
    "details": {
      "score": -0.0018004455006214433,
      "spring_drift": 7.128840618230381e-05,
      "angular_momentum": 5.735515240455442e-05,
      "pairing_gap": -0.0001109024132815153,
      "phase_sync": -0.01823986926159428,
      "atr": 5.519999999999709
    },
    "inst_id": "BTC-USDT",
    "timestamp": "2026-04-18T04:22:16.793378"
  },
  {
    "side": "sell",
    "price": 77434.6,
    "size": 1.2914123660482523e-05,
    "confidence": 1.80060797391862e-05,
    "risk_level": "low",
    "signal_type": "weak",
    "details": {
      "score": -0.00180060797391862,
      "spring_drift": 7.103004930622271e-05,
      "angular_momentum": -2.583568760811139e-07,
      "pairing_gap": -4.942410584158783e-05,
      "phase_sync": -0.018190576654099674,
      "atr": 5.519999999999709
    },
    "inst_id": "BTC-USDT",
    "timestamp": "2026-04-18T04:22:18.438659"
  },
  {
    "side": "sell",
    "price": 77434.6,
    "size": 1.2914123660482523e-05,
    "confidence": 1.796297662337744e-05,
    "risk_level": "low",
    "signal_type": "weak",
    "details": {
      "score": -0.001796297662337744,
      "spring_drift": 2.8548397764236653e-05,
      "angular_momentum": 0.0,
      "pairing_gap": 1.2054709783735537e-05,
      "phase_sync": -0.018101279634001856,
      "atr": 2.230000000000291
    },
    "inst_id": "BTC-USDT",
    "timestamp": "2026-04-18T04:22:20.087339"
  },
  {
    "side": "sell",
    "price": 77434.6,
    "size": 1.2914123660482523e-05,
    "confidence": 1.7892166219120046e-05,
    "risk_level": "low",
    "signal_type": "weak",
    "details": {
      "score": -0.0017892166219120047,
      "spring_drift": 2.8548397764236653e-05,
      "angular_momentum": 0.0,
      "pairing_gap": 7.353403359981614e-05,
      "phase_sync": -0.018153427877376626,
      "atr": 2.230000000000291
    },
    "inst_id": "BTC-USDT",
    "timestamp": "2026-04-18T04:22:21.944159"
  },
  {
    "side": "sell",
    "price": 77434.6,
    "size": 1.2914123660482523e-05,
    "confidence": 1.782296690515896e-05,
    "risk_level": "low",
    "signal_type": "weak",
    "details": {
      "score": -0.001782296690515896,
      "spring_drift": 2.8548397764236653e-05,
      "angular_momentum": 0.0,
      "pairing_gap": 0.00013501386561389492,
      "phase_sync": -0.018207188227443695,
      "atr": 2.230000000000291
    },
    "inst_id": "BTC-USDT",
    "timestamp": "2026-04-18T04:22:24.265474"
  },
  {
    "side": "sell",
    "price": 77434.6,
    "size": 1.2914123660482523e-05,
    "confidence": 1.8055911830773816e-05,
    "risk_level": "low",
    "signal_type": "weak",
    "details": {
      "score": -0.0018055911830773814,
      "spring_drift": -2.8806754640317766e-05,
      "angular_momentum": -5.735515240455442e-05,
      "pairing_gap": 0.00014414239408638382,
      "phase_sync": -0.018056904143171647,
      "atr": 2.230000000000291
    },
    "inst_id": "BTC-USDT",
    "timestamp": "2026-04-18T04:22:26.044752"
  },
  {
    "side": "sell",
    "price": 77433.6,
    "size": 1.2914290437226216e-05,
    "confidence": 1.797036194610091e-05,
    "risk_level": "low",
    "signal_type": "weak",
    "details": {
      "score": -0.001797036194610091,
      "spring_drift": -2.996898856832546e-05,
      "angular_momentum": -2.5828247320965046e-06,
      "pairing_gap": 0.0001515490726228666,
      "phase_sync": -0.01814583566287705,
      "atr": 2.3200000000011642
    },
    "inst_id": "BTC-USDT",
    "timestamp": "2026-04-18T04:23:00.189978"
  },
  {
    "side": "sell",
    "price": 77433.5,
    "size": 1.2914307115137505e-05,
    "confidence": 1.811049964354077e-05,
    "risk_level": "low",
    "signal_type": "weak",
    "details": {
      "score": -0.0018110499643540768,
      "spring_drift": -3.0098131472705246e-05,
      "angular_momentum": -2.582858087595584e-07,
      "pairing_gap": 0.00013045037151240054,
      "phase_sync": -0.01825023300324847,
      "atr": 2.3300000000017462
    },
    "inst_id": "BTC-USDT",
    "timestamp": "2026-04-18T04:23:03.357966"
  },
  {
    "side": "sell",
    "price": 77433.5,
    "size": 1.2914307115137505e-05,
    "confidence": 1.8182485162416792e-05,
    "risk_level": "low",
    "signal_type": "weak",
    "details": {
      "score": -0.0018182485162416794,
      "spring_drift": -3.0098131472705246e-05,
      "angular_momentum": 1.2705494208814505e-22,
      "pairing_gap": 0.00010935244067769273,
      "phase_sync": -0.018280797517881357,
      "atr": 2.3300000000017462
    },
    "inst_id": "BTC-USDT",
    "timestamp": "2026-04-18T04:23:05.007892"
  },
  {
    "side": "sell",
    "price": 77433.5,
    "size": 1.2914307115137505e-05,
    "confidence": 1.8325497031340542e-05,
    "risk_level": "low",
    "signal_type": "weak",
    "details": {
      "score": -0.0018325497031340542,
      "spring_drift": -3.009813147270524e-05,
      "angular_momentum": 1.2705494208814505e-22,
      "pairing_gap": 8.825528007674983e-05,
      "phase_sync": -0.018381615065603218,
      "atr": 2.3300000000017462
    },
    "inst_id": "BTC-USDT",
    "timestamp": "2026-04-18T04:23:06.697134"
  },
  {
    "side": "sell",
    "price": 77433.5,
    "size": 1.2914307115137505e-05,
    "confidence": 1.8339395122488603e-05,
    "risk_level": "low",
    "signal_type": "weak",
    "details": {
      "score": -0.0018339395122488602,
      "spring_drift": -1.4205552704280315e-06,
      "angular_momentum": 1.2705494208814505e-22,
      "pairing_gap": 6.715888966720562e-05,
      "phase_sync": -0.0184680306807413,
      "atr": 0.11000000000058208
    },
    "inst_id": "BTC-USDT",
    "timestamp": "2026-04-18T04:23:08.853755"
  },
  {
    "side": "sell",
    "price": 77427.3,
    "size": 1.2915341229772961e-05,
    "confidence": 1.808518655788239e-05,
    "risk_level": "low",
    "signal_type": "weak",
    "details": {
      "score": -0.0018085186557882389,
      "spring_drift": -6.844600949713023e-06,
      "angular_momentum": -1.3430916090666485e-05,
      "pairing_gap": 3.805621591896273e-05,
      "phase_sync": -0.01809362783764946,
      "atr": 0.7300000000002911
    },
    "inst_id": "BTC-USDT",
    "timestamp": "2026-04-18T04:23:10.501887"
  },
  {
    "side": "sell",
    "price": 77449.0,
    "size": 1.2911722552905783e-05,
    "confidence": 1.9037711048179087e-05,
    "risk_level": "low",
    "signal_type": "weak",
    "details": {
      "score": -0.0019037711048179088,
      "spring_drift": 2.1439975327650104e-05,
      "angular_momentum": 5.631086674596669e-05,
      "pairing_gap": 4.657865166933617e-05,
      "phase_sync": -0.01938556085306626,
      "atr": 2.9
    },
    "inst_id": "BTC-USDT",
    "timestamp": "2026-04-18T04:23:51.420659"
  },
  {
    "side": "sell",
    "price": 77449.0,
    "size": 1.2911722552905783e-05,
    "confidence": 1.9188082493855886e-05,
    "risk_level": "low",
    "signal_type": "weak",
    "details": {
      "score": -0.0019188082493855885,
      "spring_drift": 2.1439975327650104e-05,
      "angular_momentum": -1.0842021724855045e-20,
      "pairing_gap": 5.510055032511779e-05,
      "phase_sync": -0.01938404349581672,
      "atr": 2.9
    },
    "inst_id": "BTC-USDT",
    "timestamp": "2026-04-18T04:23:53.189376"
  },
  {
    "side": "sell",
    "price": 77449.0,
    "size": 1.2911722552905783e-05,
    "confidence": 1.9169167110991215e-05,
    "risk_level": "low",
    "signal_type": "weak",
    "details": {
      "score": -0.0019169167110991217,
      "spring_drift": 2.1439975327650104e-05,
      "angular_momentum": -1.0842021724855045e-20,
      "pairing_gap": 6.362191193745439e-05,
      "phase_sync": -0.019382170836176726,
      "atr": 2.9
    },
    "inst_id": "BTC-USDT",
    "timestamp": "2026-04-18T04:23:54.840705"
  },
  {
    "side": "sell",
    "price": 77455.8,
    "size": 1.2910589006891671e-05,
    "confidence": 1.891947923820056e-05,
    "risk_level": "low",
    "signal_type": "weak",
    "details": {
      "score": -0.001891947923820056,
      "spring_drift": 3.0219946663629783e-05,
      "angular_momentum": 1.755994267195937e-05,
      "pairing_gap": 0.00010296402965372682,
      "phase_sync": -0.01929896691217841,
      "atr": 3.580000000000291
    },
    "inst_id": "BTC-USDT",
    "timestamp": "2026-04-18T04:23:56.580765"
  },
  {
    "side": "sell",
    "price": 77455.8,
    "size": 1.2910589006891671e-05,
    "confidence": 1.876832557254186e-05,
    "risk_level": "low",
    "signal_type": "weak",
    "details": {
      "score": -0.001876832557254186,
      "spring_drift": 4.494227512034453e-05,
      "angular_momentum": 1.6013740822762985e-05,
      "pairing_gap": 0.00015831721967062736,
      "phase_sync": -0.019312770334832783,
      "atr": 3.480000000000291
    },
    "inst_id": "BTC-USDT",
    "timestamp": "2026-04-18T04:23:59.316262"
  },
  {
    "side": "sell",
    "price": 77455.8,
    "size": 1.2910589006891671e-05,
    "confidence": 1.906609450106661e-05,
    "risk_level": "low",
    "signal_type": "weak",
    "details": {
      "score": -0.0019066094501066608,
      "spring_drift": -1.1239448721242375e-05,
      "angular_momentum": -5.605258093720713e-05,
      "pairing_gap": 0.00015762563283743824,
      "phase_sync": -0.019168230229044892,
      "atr": 3.469999999999709
    },
    "inst_id": "BTC-USDT",
    "timestamp": "2026-04-18T04:24:01.227043"
  },
  {
    "side": "sell",
    "price": 77475.2,
    "size": 1.2907356160422949e-05,
    "confidence": 1.7752298561089797e-05,
    "risk_level": "low",
    "signal_type": "weak",
    "details": {
      "score": -0.0017752298561089798,
      "spring_drift": 1.3807093952119947e-05,
      "angular_momentum": 5.009308534672465e-05,
      "pairing_gap": 0.00019033211016298746,
      "phase_sync": -0.018338470413264425,
      "atr": 5.409999999999127
    },
    "inst_id": "BTC-USDT",
    "timestamp": "2026-04-18T04:24:17.282249"
  },
  {
    "side": "sell",
    "price": 77475.2,
    "size": 1.2907356160422949e-05,
    "confidence": 1.8039311680940657e-05,
    "risk_level": "low",
    "signal_type": "weak",
    "details": {
      "score": -0.0018039311680940657,
      "spring_drift": 1.3807093952119947e-05,
      "angular_momentum": 0.0,
      "pairing_gap": 0.00022303630137479407,
      "phase_sync": -0.018540612659498724,
      "atr": 5.409999999999127
    },
    "inst_id": "BTC-USDT",
    "timestamp": "2026-04-18T04:24:19.478982"
  },
  {
    "side": "sell",
    "price": 77475.2,
    "size": 1.2907356160422949e-05,
    "confidence": 1.826873167779005e-05,
    "risk_level": "low",
    "signal_type": "weak",
    "details": {
      "score": -0.001826873167779005,
      "spring_drift": -3.7528487198394377e-06,
      "angular_momentum": -1.755994267195938e-05,
      "pairing_gap": 0.00023817826252792724,
      "phase_sync": -0.018677396979950668,
      "atr": 5.409999999999127
    },
    "inst_id": "BTC-USDT",
    "timestamp": "2026-04-18T04:24:21.229253"
  },
  {
    "side": "sell",
    "price": 77472.4,
    "size": 1.2907822656842955e-05,
    "confidence": 1.877572067556962e-05,
    "risk_level": "low",
    "signal_type": "weak",
    "details": {
      "score": -0.0018775720675569623,
      "spring_drift": -1.5373778856143117e-05,
      "angular_momentum": -7.228119449844365e-06,
      "pairing_gap": 0.00024763858916767824,
      "phase_sync": -0.019187818380130874,
      "atr": 5.069999999999709
    },
    "inst_id": "BTC-USDT",
    "timestamp": "2026-04-18T04:24:33.184475"
  },
  {
    "side": "sell",
    "price": 77472.4,
    "size": 1.2907822656842955e-05,
    "confidence": 1.8844105336536664e-05,
    "risk_level": "low",
    "signal_type": "weak",
    "details": {
      "score": -0.0018844105336536664,
      "spring_drift": 1.2652511612460452e-05,
      "angular_momentum": 0.0,
      "pairing_gap": 0.0002570121894014158,
      "phase_sync": -0.019408739761789338,
      "atr": 2.9
    },
    "inst_id": "BTC-USDT",
    "timestamp": "2026-04-18T04:24:35.809743"
  },
  {
    "side": "sell",
    "price": 77472.4,
    "size": 1.2907822656842955e-05,
    "confidence": 1.9188288069873768e-05,
    "risk_level": "low",
    "signal_type": "weak",
    "details": {
      "score": -0.001918828806987377,
      "spring_drift": -3.74405737342642e-05,
      "angular_momentum": -5.009308534672465e-05,
      "pairing_gap": 0.00021629270177825599,
      "phase_sync": -0.019320831922453048,
      "atr": 2.9
    },
    "inst_id": "BTC-USDT",
    "timestamp": "2026-04-18T04:24:37.494826"
  },
  {
    "side": "sell",
    "price": 77428.2,
    "size": 1.2915191106082798e-05,
    "confidence": 2.0701934351275465e-05,
    "risk_level": "low",
    "signal_type": "weak",
    "details": {
      "score": -0.0020701934351275465,
      "spring_drift": -9.44931498775063e-05,
      "angular_momentum": -0.00011410515228648421,
      "pairing_gap": 9.949681808159723e-05,
      "phase_sync": -0.020180639931069184,
      "atr": 7.319999999999709
    },
    "inst_id": "BTC-USDT",
    "timestamp": "2026-04-18T04:25:22.314943"
  },
  {
    "side": "sell",
    "price": 77429.4,
    "size": 1.2914990946591347e-05,
    "confidence": 2.0594740931395163e-05,
    "risk_level": "low",
    "signal_type": "weak",
    "details": {
      "score": -0.0020594740931395164,
      "spring_drift": -8.416335560880042e-05,
      "angular_momentum": 3.099645865452358e-06,
      "pairing_gap": -1.5234428154992172e-05,
      "phase_sync": -0.020236917590246338,
      "atr": 6.759999999999127
    },
    "inst_id": "BTC-USDT",
    "timestamp": "2026-04-18T04:25:24.836208"
  },
  {
    "side": "sell",
    "price": 77432.6,
    "size": 1.2914457218277572e-05,
    "confidence": 2.0992174844762083e-05,
    "risk_level": "low",
    "signal_type": "weak",
    "details": {
      "score": -0.0020992174844762083,
      "spring_drift": -7.28024390560318e-05,
      "angular_momentum": 1.5493713655692896e-05,
      "pairing_gap": -0.00012256342786513778,
      "phase_sync": -0.02050231937377476,
      "atr": 7.080000000000291
    },
    "inst_id": "BTC-USDT",
    "timestamp": "2026-04-18T04:25:32.938487"
  },
  {
    "side": "sell",
    "price": 77446.3,
    "size": 1.2912172692562459e-05,
    "confidence": 2.254309208187987e-05,
    "risk_level": "low",
    "signal_type": "weak",
    "details": {
      "score": -0.0022543092081879867,
      "spring_drift": -5.510963266699529e-05,
      "angular_momentum": 3.5385612778073035e-05,
      "pairing_gap": -0.00018763265004359176,
      "phase_sync": -0.02205354508945892,
      "atr": 8.45
    },
    "inst_id": "BTC-USDT",
    "timestamp": "2026-04-18T04:25:41.572910"
  },
  {
    "side": "sell",
    "price": 77444.4,
    "size": 1.2912489476321077e-05,
    "confidence": 2.249793467153684e-05,
    "risk_level": "low",
    "signal_type": "weak",
    "details": {
      "score": -0.002249793467153684,
      "spring_drift": -3.2516402805231104e-05,
      "angular_momentum": -4.90662562319628e-06,
      "pairing_gap": -0.0002559732617248179,
      "phase_sync": -0.02184120265999669,
      "atr": 6.700000000001455
    },
    "inst_id": "BTC-USDT",
    "timestamp": "2026-04-18T04:25:49.810430"
  },
  {
    "side": "sell",
    "price": 77444.4,
    "size": 1.2912489476321077e-05,
    "confidence": 2.059334428769756e-05,
    "risk_level": "low",
    "signal_type": "weak",
    "details": {
      "score": -0.002059334428769756,
      "spring_drift": 8.15887494812531e-05,
      "angular_momentum": 0.00011410515228648421,
      "pairing_gap": -0.00021018466039277015,
      "phase_sync": -0.020841645421696482,
      "atr": 6.700000000001455
    },
    "inst_id": "BTC-USDT",
    "timestamp": "2026-04-18T04:25:52.711471"
  },
  {
    "side": "sell",
    "price": 77440.4,
    "size": 1.2913156440307645e-05,
    "confidence": 2.0041247630932087e-05,
    "risk_level": "low",
    "signal_type": "weak",
    "details": {
      "score": -0.0020041247630932088,
      "spring_drift": 7.33241078252723e-05,
      "angular_momentum": -1.3429637446509219e-05,
      "pairing_gap": -0.00016852867324290975,
      "phase_sync": -0.019957197803407826,
      "atr": 7.100000000001455
    },
    "inst_id": "BTC-USDT",
    "timestamp": "2026-04-18T04:25:55.653206"
  },
  {
    "side": "sell",
    "price": 77419.3,
    "size": 1.2916675815978703e-05,
    "confidence": 1.6933414394730944e-05,
    "risk_level": "low",
    "signal_type": "weak",
    "details": {
      "score": -0.0016933414394730943,
      "spring_drift": 3.419769380546375e-05,
      "angular_momentum": -6.275911438392425e-05,
      "pairing_gap": -0.00017146050262734024,
      "phase_sync": -0.016539006821546343,
      "atr": 8.930000000000291
    },
    "inst_id": "BTC-USDT",
    "timestamp": "2026-04-18T04:27:00.860638"
  },
  {
    "side": "sell",
    "price": 77419.3,
    "size": 1.2916675815978703e-05,
    "confidence": 1.6767248180671388e-05,
    "risk_level": "low",
    "signal_type": "weak",
    "details": {
      "score": -0.0016767248180671389,
      "spring_drift": -1.1879189726092732e-06,
      "angular_momentum": -3.5385612778073035e-05,
      "pairing_gap": -0.00020977026755659552,
      "phase_sync": -0.01623679913133354,
      "atr": 8.930000000000291
    },
    "inst_id": "BTC-USDT",
    "timestamp": "2026-04-18T04:27:03.554111"
  },
  {
    "side": "sell",
    "price": 77414.4,
    "size": 1.2917493386243387e-05,
    "confidence": 1.5705812477024477e-05,
    "risk_level": "low",
    "signal_type": "weak",
    "details": {
      "score": -0.001570581247702448,
      "spring_drift": -2.610464499253843e-06,
      "angular_momentum": -7.751716676485406e-06,
      "pairing_gap": -0.000234917120052438,
      "phase_sync": -0.01520228122889313,
      "atr": 9.420000000001163
    },
    "inst_id": "BTC-USDT",
    "timestamp": "2026-04-18T04:27:05.810947"
  },
  {
    "side": "sell",
    "price": 77414.4,
    "size": 1.2917493386243387e-05,
    "confidence": 1.5958431614688575e-05,
    "risk_level": "low",
    "signal_type": "weak",
    "details": {
      "score": -0.0015958431614688574,
      "spring_drift": -5.966304064249595e-05,
      "angular_momentum": 0.0,
      "pairing_gap": -0.00026006660494261964,
      "phase_sync": -0.01519964624223335,
      "atr": 5.000000000001455
    },
    "inst_id": "BTC-USDT",
    "timestamp": "2026-04-18T04:27:07.480308"
  },
  {
    "side": "sell",
    "price": 77414.4,
    "size": 1.2917493386243387e-05,
    "confidence": 1.5851925193615203e-05,
    "risk_level": "low",
    "signal_type": "weak",
    "details": {
      "score": -0.0015851925193615202,
      "spring_drift": -4.778322612871291e-05,
      "angular_momentum": 1.032999158105686e-05,
      "pairing_gap": -0.0002748878301826705,
      "phase_sync": -0.015142006603478178,
      "atr": 4.880000000001746
    },
    "inst_id": "BTC-USDT",
    "timestamp": "2026-04-18T04:27:09.314999"
  },
  {
    "side": "sell",
    "price": 77385.4,
    "size": 1.292233418706888e-05,
    "confidence": 1.334378838026565e-05,
    "risk_level": "low",
    "signal_type": "weak",
    "details": {
      "score": -0.001334378838026565,
      "spring_drift": -2.6617639667818747e-05,
      "angular_momentum": -2.042794146213593e-05,
      "pairing_gap": -0.0002875647117460299,
      "phase_sync": -0.012600904573715908,
      "atr": 7.460000000000582
    },
    "inst_id": "BTC-USDT",
    "timestamp": "2026-04-18T04:27:34.772239"
  },
  {
    "side": "sell",
    "price": 77385.4,
    "size": 1.292233418706888e-05,
    "confidence": 1.3190743131370461e-05,
    "risk_level": "low",
    "signal_type": "weak",
    "details": {
      "score": -0.0013190743131370462,
      "spring_drift": -8.924833278782236e-06,
      "angular_momentum": 0.0,
      "pairing_gap": -0.00030024349256445803,
      "phase_sync": -0.012554556813126417,
      "atr": 6.090000000000873
    },
    "inst_id": "BTC-USDT",
    "timestamp": "2026-04-18T04:27:36.737403"
  },
  {
    "side": "sell",
    "price": 77385.4,
    "size": 1.292233418706888e-05,
    "confidence": 1.3106601032746526e-05,
    "risk_level": "low",
    "signal_type": "weak",
    "details": {
      "score": -0.0013106601032746527,
      "spring_drift": 1.2801962093013169e-06,
      "angular_momentum": 1.2658342299681682e-05,
      "pairing_gap": -0.00030026598554700265,
      "phase_sync": -0.01254916487338877,
      "atr": 5.9
    },
    "inst_id": "BTC-USDT",
    "timestamp": "2026-04-18T04:27:38.771788"
  },
  {
    "side": "sell",
    "price": 77399.1,
    "size": 1.2920046873930057e-05,
    "confidence": 1.5766020573328703e-05,
    "risk_level": "low",
    "signal_type": "weak",
    "details": {
      "score": -0.0015766020573328703,
      "spring_drift": 1.898379404560072e-05,
      "angular_momentum": 3.540719567259882e-05,
      "pairing_gap": -0.0003147403723464421,
      "phase_sync": -0.015318696591836017,
      "atr": 7.270000000001164
    },
    "inst_id": "BTC-USDT",
    "timestamp": "2026-04-18T04:27:40.409351"
  },
  {
    "side": "sell",
    "price": 77399.1,
    "size": 1.2920046873930057e-05,
    "confidence": 1.587756985122233e-05,
    "risk_level": "low",
    "signal_type": "weak",
    "details": {
      "score": -0.001587756985122233,
      "spring_drift": 1.3818798255072281e-05,
      "angular_momentum": 0.0,
      "pairing_gap": -0.0003281824504974115,
      "phase_sync": -0.015276480143247794,
      "atr": 6.8700000000011645
    },
    "inst_id": "BTC-USDT",
    "timestamp": "2026-04-18T04:27:42.061272"
  },
  {
    "side": "sell",
    "price": 77399.1,
    "size": 1.2920046873930057e-05,
    "confidence": 1.5018342693207066e-05,
    "risk_level": "low",
    "signal_type": "weak",
    "details": {
      "score": -0.0015018342693207066,
      "spring_drift": 6.149349980624608e-05,
      "angular_momentum": 7.492146164021164e-05,
      "pairing_gap": -0.00026394863017158556,
      "phase_sync": -0.014961183817009515,
      "atr": 4.760000000002037
    },
    "inst_id": "BTC-USDT",
    "timestamp": "2026-04-18T04:27:43.700301"
  },
  {
    "side": "sell",
    "price": 77371.0,
    "size": 1.2924739243385764e-05,
    "confidence": 1.3137223485838356e-05,
    "risk_level": "low",
    "signal_type": "weak",
    "details": {
      "score": -0.0013137223485838356,
      "spring_drift": 2.518816809049508e-05,
      "angular_momentum": -7.261066343150197e-05,
      "pairing_gap": -0.00023632039499268023,
      "phase_sync": -0.012547503377920469,
      "atr": 7.5700000000026195
    },
    "inst_id": "BTC-USDT",
    "timestamp": "2026-04-18T04:28:30.004226"
  },
  {
    "side": "sell",
    "price": 77371.0,
    "size": 1.2924739243385764e-05,
    "confidence": 1.298467460567604e-05,
    "risk_level": "low",
    "signal_type": "weak",
    "details": {
      "score": -0.001298467460567604,
      "spring_drift": 1.8858996940654245e-05,
      "angular_momentum": 0.0,
      "pairing_gap": -0.00021032466738838884,
      "phase_sync": -0.012639461258661878,
      "atr": 7.080000000001746
    },
    "inst_id": "BTC-USDT",
    "timestamp": "2026-04-18T04:28:32.374354"
  },
  {
    "side": "sell",
    "price": 77371.1,
    "size": 1.2924722538518903e-05,
    "confidence": 1.3156798560268361e-05,
    "risk_level": "low",
    "signal_type": "weak",
    "details": {
      "score": -0.0013156798560268362,
      "spring_drift": -1.6418951339503178e-05,
      "angular_momentum": -3.514870088771605e-05,
      "pairing_gap": -0.00021955422825782608,
      "phase_sync": -0.012546568195731547,
      "atr": 7.090000000002329
    },
    "inst_id": "BTC-USDT",
    "timestamp": "2026-04-18T04:28:34.032272"
  },
  {
    "side": "sell",
    "price": 77371.1,
    "size": 1.2924722538518903e-05,
    "confidence": 1.309310298446362e-05,
    "risk_level": "low",
    "signal_type": "weak",
    "details": {
      "score": -0.001309310298446362,
      "spring_drift": -1.6418951339503178e-05,
      "angular_momentum": 0.0,
      "pairing_gap": -0.0002322297110177911,
      "phase_sync": -0.012562967757070023,
      "atr": 7.090000000002329
    },
    "inst_id": "BTC-USDT",
    "timestamp": "2026-04-18T04:28:35.667940"
  },
  {
    "side": "sell",
    "price": 77371.1,
    "size": 1.2924722538518903e-05,
    "confidence": 1.335617541691658e-05,
    "risk_level": "low",
    "signal_type": "weak",
    "details": {
      "score": -0.001335617541691658,
      "spring_drift": -5.387968215960901e-05,
      "angular_momentum": 0.0,
      "pairing_gap": -0.00026307825854579266,
      "phase_sync": -0.012614500171186557,
      "atr": 4.190000000002328
    },
    "inst_id": "BTC-USDT",
    "timestamp": "2026-04-18T04:28:37.361894"
  },
  {
    "side": "sell",
    "price": 77371.1,
    "size": 1.2924722538518903e-05,
    "confidence": 1.2514899842036266e-05,
    "risk_level": "low",
    "signal_type": "weak",
    "details": {
      "score": -0.0012514899842036265,
      "spring_drift": 1.8730981271892957e-05,
      "angular_momentum": 7.261066343150197e-05,
      "pairing_gap": -0.00022130848360974963,
      "phase_sync": -0.012365038790198842,
      "atr": 4.190000000002328
    },
    "inst_id": "BTC-USDT",
    "timestamp": "2026-04-18T04:28:39.007185"
  },
  {
    "side": "sell",
    "price": 77371.1,
    "size": 1.2924722538518903e-05,
    "confidence": 1.2665508876606023e-05,
    "risk_level": "low",
    "signal_type": "weak",
    "details": {
      "score": -0.0012665508876606023,
      "spring_drift": 1.873098127189296e-05,
      "angular_momentum": 0.0,
      "pairing_gap": -0.00018375578210442448,
      "phase_sync": -0.012372921237484746,
      "atr": 4.190000000002328
    },
    "inst_id": "BTC-USDT",
    "timestamp": "2026-04-18T04:28:46.591080"
  },
  {
    "side": "sell",
    "price": 77371.1,
    "size": 1.2924722538518903e-05,
    "confidence": 1.2617903948050986e-05,
    "risk_level": "low",
    "signal_type": "weak",
    "details": {
      "score": -0.0012617903948050986,
      "spring_drift": 3.61760843233096e-05,
      "angular_momentum": -2.5849478488276167e-07,
      "pairing_gap": -0.00014645873546660008,
      "phase_sync": -0.012468915330056375,
      "atr": 2.8200000000011642
    },
    "inst_id": "BTC-USDT",
    "timestamp": "2026-04-18T04:28:48.253159"
  },
  {
    "side": "sell",
    "price": 77371.1,
    "size": 1.2924722538518903e-05,
    "confidence": 1.2501672705386134e-05,
    "risk_level": "low",
    "signal_type": "weak",
    "details": {
      "score": -0.0012501672705386134,
      "spring_drift": 3.61760843233096e-05,
      "angular_momentum": 0.0,
      "pairing_gap": -0.0001091589060742641,
      "phase_sync": -0.012428059230530843,
      "atr": 2.8200000000011642
    },
    "inst_id": "BTC-USDT",
    "timestamp": "2026-04-18T04:28:50.632623"
  },
  {
    "side": "sell",
    "price": 77370.2,
    "size": 1.2924872883875188e-05,
    "confidence": 1.245693884215197e-05,
    "risk_level": "low",
    "signal_type": "weak",
    "details": {
      "score": -0.0012456938842151971,
      "spring_drift": 3.501285929483161e-05,
      "angular_momentum": -2.326450056955972e-06,
      "pairing_gap": -9.83907681540214e-05,
      "phase_sync": -0.012393229392852386,
      "atr": 2.910000000002037
    },
    "inst_id": "BTC-USDT",
    "timestamp": "2026-04-18T04:28:52.293644"
  },
  {
    "side": "sell",
    "price": 77370.2,
    "size": 1.2924872883875188e-05,
    "confidence": 1.26083408718943e-05,
    "risk_level": "low",
    "signal_type": "weak",
    "details": {
      "score": -0.00126083408718943,
      "spring_drift": -1.292472420919367e-06,
      "angular_momentum": 0.0,
      "pairing_gap": -8.76223481960172e-05,
      "phase_sync": -0.012427926285818586,
      "atr": 0.10000000000145519
    },
    "inst_id": "BTC-USDT",
    "timestamp": "2026-04-18T04:28:53.939255"
  },
  {
    "side": "sell",
    "price": 77370.2,
    "size": 1.2924872883875188e-05,
    "confidence": 1.258686035526402e-05,
    "risk_level": "low",
    "signal_type": "weak",
    "details": {
      "score": -0.0012586860355264019,
      "spring_drift": -1.292472420919367e-06,
      "angular_momentum": 0.0,
      "pairing_gap": -7.68536461882304e-05,
      "phase_sync": -0.01242798317320388,
      "atr": 0.10000000000145519
    },
    "inst_id": "BTC-USDT",
    "timestamp": "2026-04-18T04:28:55.579740"
  },
  {
    "side": "sell",
    "price": 77370.2,
    "size": 1.2924872883875188e-05,
    "confidence": 1.2541227036300063e-05,
    "risk_level": "low",
    "signal_type": "weak",
    "details": {
      "score": -0.0012541227036300063,
      "spring_drift": -1.163225028477986e-06,
      "angular_momentum": 0.0,
      "pairing_gap": -5.428139319136969e-05,
      "phase_sync": -0.012428011349803411,
      "atr": 0.09000000000087312
    },
    "inst_id": "BTC-USDT",
    "timestamp": "2026-04-18T04:28:57.220802"
  },
  {
    "side": "sell",
    "price": 77368.1,
    "size": 1.2925223703309245e-05,
    "confidence": 1.252450591527829e-05,
    "risk_level": "low",
    "signal_type": "weak",
    "details": {
      "score": -0.0012524505915278291,
      "spring_drift": -3.877448334080491e-06,
      "angular_momentum": -5.428446611205009e-06,
      "pairing_gap": -3.5326929623722714e-05,
      "phase_sync": -0.012422056922860907,
      "atr": 0.3
    },
    "inst_id": "BTC-USDT",
    "timestamp": "2026-04-18T04:29:55.208536"
  },
  {
    "side": "sell",
    "price": 77222.3,
    "size": 1.2949627244979753e-05,
    "confidence": 8.404012265013538e-05,
    "risk_level": "low",
    "signal_type": "weak",
    "details": {
      "score": -0.008404012265013538,
      "spring_drift": -2.4221059417005167e-05,
      "angular_momentum": -4.274290273528673e-05,
      "pairing_gap": 0.00013771666630669162,
      "phase_sync": -0.08409044303687488,
      "atr": 1.869999999999709
    },
    "inst_id": "BTC-USDT",
    "timestamp": "2026-04-18T04:38:30.392053"
  },
  {
    "side": "sell",
    "price": 77210.8,
    "size": 1.2951555999937832e-05,
    "confidence": 0.0001581048620151451,
    "risk_level": "low",
    "signal_type": "weak",
    "details": {
      "score": -0.015810486201514512,
      "spring_drift": -3.6263522699370076e-05,
      "angular_momentum": -2.978414266345343e-05,
      "pairing_gap": 0.00010171111246533728,
      "phase_sync": -0.15807387772128792,
      "atr": 2.8
    },
    "inst_id": "BTC-USDT",
    "timestamp": "2026-04-18T04:38:32.602935"
  },
  {
    "side": "sell",
    "price": 77210.8,
    "size": 1.2951555999937832e-05,
    "confidence": 0.0001587817328278416,
    "risk_level": "low",
    "signal_type": "weak",
    "details": {
      "score": -0.01587817328278416,
      "spring_drift": -3.6263522699370076e-05,
      "angular_momentum": 0.0,
      "pairing_gap": 6.570600628840951e-05,
      "phase_sync": -0.15876809074962092,
      "atr": 2.8
    },
    "inst_id": "BTC-USDT",
    "timestamp": "2026-04-18T04:38:34.237227"
  },
  {
    "side": "sell",
    "price": 77210.8,
    "size": 1.2951555999937832e-05,
    "confidence": 0.0001595272219887886,
    "risk_level": "low",
    "signal_type": "weak",
    "details": {
      "score": -0.01595272219887886,
      "spring_drift": -3.6263522699370076e-05,
      "angular_momentum": 0.0,
      "pairing_gap": 2.9701347767371028e-05,
      "phase_sync": -0.15944157059352584,
      "atr": 2.8
    },
    "inst_id": "BTC-USDT",
    "timestamp": "2026-04-18T04:38:35.872741"
  },
  {
    "side": "sell",
    "price": 77210.8,
    "size": 1.2951555999937832e-05,
    "confidence": 0.00011431221212273279,
    "risk_level": "low",
    "signal_type": "weak",
    "details": {
      "score": -0.011431221212273279,
      "spring_drift": -3.6263522699370076e-05,
      "angular_momentum": 0.0,
      "pairing_gap": -6.302863105938291e-06,
      "phase_sync": -0.11415455230572344,
      "atr": 2.8
    },
    "inst_id": "BTC-USDT",
    "timestamp": "2026-04-18T04:38:37.032174"
  },
  {
    "side": "sell",
    "price": 77207.3,
    "size": 1.2952143126362403e-05,
    "confidence": 8.191675118112266e-05,
    "risk_level": "low",
    "signal_type": "weak",
    "details": {
      "score": -0.008191675118112265,
      "spring_drift": -1.9425115931704955e-05,
      "angular_momentum": -9.066089199956482e-06,
      "pairing_gap": -4.835057621372526e-05,
      "phase_sync": -0.08171515129736852,
      "atr": 1.5
    },
    "inst_id": "BTC-USDT",
    "timestamp": "2026-04-18T04:38:46.904898"
  },
  {
    "side": "sell",
    "price": 77207.3,
    "size": 1.2952143126362403e-05,
    "confidence": 8.014456417039734e-05,
    "risk_level": "low",
    "signal_type": "weak",
    "details": {
      "score": -0.008014456417039734,
      "spring_drift": 1.0359026731748473e-05,
      "angular_momentum": 2.978414266345343e-05,
      "pairing_gap": -5.8711337936693746e-05,
      "phase_sync": -0.08015793002944131,
      "atr": 1.5
    },
    "inst_id": "BTC-USDT",
    "timestamp": "2026-04-18T04:38:48.777469"
  },
  {
    "side": "sell",
    "price": 77207.3,
    "size": 1.2952143126362403e-05,
    "confidence": 6.808404295225842e-05,
    "risk_level": "low",
    "signal_type": "weak",
    "details": {
      "score": -0.006808404295225842,
      "spring_drift": 1.0359026731748473e-05,
      "angular_momentum": 0.0,
      "pairing_gap": -6.907207282300046e-05,
      "phase_sync": -0.06798733491353941,
      "atr": 1.5
    },
    "inst_id": "BTC-USDT",
    "timestamp": "2026-04-18T04:38:49.940917"
  },
  {
    "side": "sell",
    "price": 77207.3,
    "size": 1.2952143126362403e-05,
    "confidence": 6.706438971417253e-05,
    "risk_level": "low",
    "signal_type": "weak",
    "details": {
      "score": -0.006706438971417253,
      "spring_drift": 1.0359026731748473e-05,
      "angular_momentum": 0.0,
      "pairing_gap": -7.943278087274969e-05,
      "phase_sync": -0.06694696025935402,
      "atr": 1.5
    },
    "inst_id": "BTC-USDT",
    "timestamp": "2026-04-18T04:38:51.589251"
  },
  {
    "side": "sell",
    "price": 77199.0,
    "size": 1.295353566756046e-05,
    "confidence": 2.7778088305512005e-05,
    "risk_level": "low",
    "signal_type": "weak",
    "details": {
      "score": -0.0027778088305512004,
      "spring_drift": -3.912520631360905e-07,
      "angular_momentum": -2.150055758976913e-05,
      "pairing_gap": -0.00010412662626633192,
      "phase_sync": -0.027503768371957487,
      "atr": 2.330000000000291
    },
    "inst_id": "BTC-USDT",
    "timestamp": "2026-04-18T04:38:54.429937"
  },
  {
    "side": "sell",
    "price": 77199.0,
    "size": 1.295353566756046e-05,
    "confidence": 2.7286385499947935e-05,
    "risk_level": "low",
    "signal_type": "weak",
    "details": {
      "score": -0.0027286385499947934,
      "spring_drift": 8.67483713682039e-06,
      "angular_momentum": 9.066089199956482e-06,
      "pairing_gap": -0.00010551019662820657,
      "phase_sync": -0.027137262722838673,
      "atr": 2.330000000000291
    },
    "inst_id": "BTC-USDT",
    "timestamp": "2026-04-18T04:38:56.078346"
  },
  {
    "side": "sell",
    "price": 77199.0,
    "size": 1.295353566756046e-05,
    "confidence": 2.4063698010314848e-05,
    "risk_level": "low",
    "signal_type": "weak",
    "details": {
      "score": -0.002406369801031485,
      "spring_drift": -6.217234194906325e-06,
      "angular_momentum": 0.0,
      "pairing_gap": -0.0001068938226596248,
      "phase_sync": -0.023825041428215975,
      "atr": 1.180000000000291
    },
    "inst_id": "BTC-USDT",
    "timestamp": "2026-04-18T04:38:57.700917"
  },
  {
    "side": "sell",
    "price": 77220.1,
    "size": 1.2949996179751125e-05,
    "confidence": 5.62755620137014e-05,
    "risk_level": "low",
    "signal_type": "weak",
    "details": {
      "score": -0.00562755620137014,
      "spring_drift": 2.1114726063653785e-05,
      "angular_momentum": 5.466392051712022e-05,
      "pairing_gap": -7.183831130265382e-05,
      "phase_sync": -0.05638033605690207,
      "atr": 3.290000000000873
    },
    "inst_id": "BTC-USDT",
    "timestamp": "2026-04-18T04:39:46.785929"
  },
  {
    "side": "sell",
    "price": 77220.1,
    "size": 1.2949996179751125e-05,
    "confidence": 5.7875320851649615e-05,
    "risk_level": "low",
    "signal_type": "weak",
    "details": {
      "score": -0.005787532085164962,
      "spring_drift": 2.1114726063653785e-05,
      "angular_momentum": 0.0,
      "pairing_gap": -3.678266676439473e-05,
      "phase_sync": -0.05788621442237544,
      "atr": 3.290000000000873
    },
    "inst_id": "BTC-USDT",
    "timestamp": "2026-04-18T04:39:48.839722"
  },
  {
    "side": "sell",
    "price": 77220.1,
    "size": 1.2949996179751125e-05,
    "confidence": 5.7460740328479675e-05,
    "risk_level": "low",
    "signal_type": "weak",
    "details": {
      "score": -0.005746074032847968,
      "spring_drift": 4.261528365342292e-05,
      "angular_momentum": 2.150055758976913e-05,
      "pairing_gap": 1.9772879552824853e-05,
      "phase_sync": -0.05773524889496832,
      "atr": 3.290000000000873
    },
    "inst_id": "BTC-USDT",
    "timestamp": "2026-04-18T04:39:50.860631"
  },
  {
    "side": "sell",
    "price": 77220.1,
    "size": 1.2949996179751125e-05,
    "confidence": 4.808594961899601e-05,
    "risk_level": "low",
    "signal_type": "weak",
    "details": {
      "score": -0.004808594961899601,
      "spring_drift": 3.8082239053444675e-05,
      "angular_momentum": 0.0,
      "pairing_gap": 7.632864073378987e-05,
      "phase_sync": -0.048390935856677364,
      "atr": 2.940000000000873
    },
    "inst_id": "BTC-USDT",
    "timestamp": "2026-04-18T04:39:52.469247"
  },
  {
    "side": "sell",
    "price": 77220.1,
    "size": 1.2949996179751125e-05,
    "confidence": 5.1803448494250505e-05,
    "risk_level": "low",
    "signal_type": "weak",
    "details": {
      "score": -0.00518034484942505,
      "spring_drift": 3.8082239053444675e-05,
      "angular_momentum": 0.0,
      "pairing_gap": 0.00012295374616490913,
      "phase_sync": -0.05220168494279409,
      "atr": 2.940000000000873
    },
    "inst_id": "BTC-USDT",
    "timestamp": "2026-04-18T04:39:54.131419"
  },
  {
    "side": "sell",
    "price": 77220.1,
    "size": 1.2949996179751125e-05,
    "confidence": 5.365518184915924e-05,
    "risk_level": "low",
    "signal_type": "weak",
    "details": {
      "score": -0.005365518184915924,
      "spring_drift": -1.6581681463675545e-05,
      "angular_momentum": -5.466392051712022e-05,
      "pairing_gap": 0.00011492283850953753,
      "phase_sync": -0.05365470903877225,
      "atr": 2.940000000000873
    },
    "inst_id": "BTC-USDT",
    "timestamp": "2026-04-18T04:39:55.781519"
  },
  {
    "side": "sell",
    "price": 77220.1,
    "size": 1.2949996179751125e-05,
    "confidence": 4.6008991441887244e-05,
    "risk_level": "low",
    "signal_type": "weak",
    "details": {
      "score": -0.004600899144188725,
      "spring_drift": -1.6581681463675545e-05,
      "angular_momentum": 0.0,
      "pairing_gap": 0.00010689205982822785,
      "phase_sync": -0.046156448835689,
      "atr": 2.940000000000873
    },
    "inst_id": "BTC-USDT",
    "timestamp": "2026-04-18T04:39:57.751616"
  },
  {
    "side": "buy",
    "price": 77454.8,
    "size": 1.2910755692352184e-05,
    "confidence": 2.361106651264358e-05,
    "risk_level": "low",
    "signal_type": "weak",
    "details": {
      "score": 0.002361106651264358,
      "spring_drift": 0.000276604450080195,
      "angular_momentum": 0.0006078728206775103,
      "pairing_gap": 0.0005040478782469393,
      "phase_sync": 0.01967293449379639,
      "atr": 25.58000000000029
    },
    "inst_id": "BTC-USDT",
    "timestamp": "2026-04-18T06:33:51.539127"
  },
  {
    "side": "buy",
    "price": 77044.2,
    "size": 1.297956238107476e-05,
    "confidence": 6.0399435970632095e-05,
    "risk_level": "low",
    "signal_type": "weak",
    "details": {
      "score": 0.0060399435970632095,
      "spring_drift": 1.1033830855492951e-05,
      "angular_momentum": 2.2067661710985902e-05,
      "pairing_gap": 5.798077201878488e-06,
      "phase_sync": 0.0602775015076734,
      "atr": 0.8499999999985448
    },
    "inst_id": "BTC-USDT",
    "timestamp": "2026-04-18T07:29:29.724388"
  },
  {
    "side": "buy",
    "price": 77044.2,
    "size": 1.297956238107476e-05,
    "confidence": 5.744759383248302e-05,
    "risk_level": "low",
    "signal_type": "weak",
    "details": {
      "score": 0.0057447593832483015,
      "spring_drift": 1.1033830855492951e-05,
      "angular_momentum": 0.0,
      "pairing_gap": 2.241334623888002e-05,
      "phase_sync": 0.05735863181658327,
      "atr": 0.8499999999985448
    },
    "inst_id": "BTC-USDT",
    "timestamp": "2026-04-18T07:29:32.399205"
  },
  {
    "side": "buy",
    "price": 77044.2,
    "size": 1.297956238107476e-05,
    "confidence": 5.531174270823254e-05,
    "risk_level": "low",
    "signal_type": "weak",
    "details": {
      "score": 0.005531174270823254,
